2970 3918
1080 152 1199 230 De
1225 153 1412 234 Statu
1445 153 1741 248 Ecclefiaess
1763 132 1783 159 ”
2452 101 2455 106 -
2533 139 2608 244 7³³5

205 311 331 377 ‘lut
361 308 396 374 ἑ
424 302 614 393 'tergo
642 298 1158 391 in'Religionem
1182 346 1208 386 9
1252 306 1314 372 δι
1335 308 1689 376 Ecclesiam
1720 313 1914 394 agunt
1937 343 1960 384 9
1992 309 2189 390 atque
2210 304 2278 371 in
2299 303 2423 371 suis
2451 326 2613 385 con·

230 394 421 471 filiis9
450 391 634 477 queis
669 391 758 455 im
806 398 1015 452 onunt
1039 390 1509 470 Imperantibus
1529 434 1555 472 9
1592 392 1798 458 ferme
1835 389 2030 455 unice
2062 387 2138 452 ad
2174 387 2286 475 Jus
2324 394 2612 456 naturale

225 482 413 540 velut
444 474 520 538 ad
547 475 736 558 Cyno
762 483 953 536 uram
975 485 1343 550 provocant
1360 513 1384 552 9
1416 495 1622 560 eaque
1644 472 1973 557 principiis
1997 470 2194 536 unice
2215 490 2296 535 ex
2317 472 2472 561 Jure
2499 494 2612 537 na·-

227 559 419 623 turali
451 556 546 641 (sl
571 556 829 634 Superis
857 557 1071 634 placet
1089 553 1129 636 )
1164 553 1565 637 depromptis
1588 556 1950 637 stabiliunt,
1980 556 2242 640 hocque
2265 555 2470 620 modo
2498 555 2614 643 Ju-

226 662 295 705 ra
321 635 909 706 Ecclesiasticorum
936 675 959 713 9
1001 634 1063 699 &
1109 636 1519 702 subditorum
1554 658 1967 726 quorumcun
2014 658 2102 704 ue
2144 639 2528 703 subvertunt
2541 679 2611 719 ..9

226 721 552 801 Principes
587 718 922 782 saeculares
958 737 1132 782 nova
1159 719 1223 784 &
1259 731 1406 782 ante
1427 721 1591 787 hanc
1619 722 1789 790 diem
1820 663 2014 788 inaud

225 804 275 868 fi
301 804 370 866 in
394 803 582 865 Deos
609 800 940 871 terrestres
969 841 994 878 9
1029 801 1092 866 δι
1115 803 1599 883 omnipotentes
1628 846 1652 884 9
1696 806 2152 870 transformant
2182 845 2206 885 9
2266 806 2504 891 grande
2535 806 2614 871 il·-

220 884 335 949 lud
361 882 795 954 Politicorurn
826 881 1089 949 Idolum
1125 883 1164 967 (
1186 890 1489 967 Dominium
1516 890 1684 950 altnm
1714 888 1778 953 &
1808 894 2032 952 eminens
2060 909 2215 953 cum
2262 895 2480 953 Ratione
2503 891 2616 966 sta·-

222 979 306 1031 tus
334 967 762 1047 conjunstum
789 965 1204 1051 intelligimus
1231 966 1266 1048 )
1294 967 1478 1048 supra
1503 989 1671 1032 aram
1690 969 2008 1048 statuunt,
2036 991 2257 1035 coram
2282 991 2417 1056 quo
2441 969 2614 1035 haud

224 1048 406 1113 secus
440 1070 634 1134 quam
676 1062 822 1114 ante
860 1049 1127 1114 statuam
1168 1049 1836 1117 Nabuchodonosoris
1887 1072 2083 1117 omne
2136 1071 2308 1137 genu
2341 1054 2614 1121 flecten-

226 1131 385 1195 dum
410 1173 432 1211 9
455 1143 785 1216 omneque
816 1133 991 1212 thus9
1021 1131 1203 1218 quod
1226 1142 1335 1196 aut
1361 1132 1774 1199 subditorum
1812 1135 1995 1217 gleba
2017 1138 2476 1221 progerminat9
2502 1146 2612 1200 aut

229 1215 544 1295 opificum
571 1215 767 1279 sudor
796 1255 819 1294 9
859 1215 1266 1280 &artificum
1304 1213 1610 1282 industria
1652 1217 1961 1299 producit
1987 1258 2010 1296 9
2055 1218 2449 1283 adolendum
2492 1219 2613 1298 est,

224 1309 419 1382 atque
452 1298 582 1361 hoc
610 1295 812 1361 modo
845 1305 953 1362 aut
979 1299 1613 1380 Machiavelismum9
1644 1312 1754 1365 aut
1775 1299 2267 1382 Despotismum
2291 1301 2358 1366 in
2381 1300 2614 1367 orbem

225 1379 658 1445 introducunt
683 1381 1059 1446 universum
1082 1424 1106 1463 9
1137 1381 1301 1446 illud
1329 1383 1648 1448 continuo
1676 1384 2134 1469 obgannientes
2159 1408 2175 1448 ε
2202 1385 2445 1467 quidquid
2464 1390 2616 1446 Prin-

226 1468 326 1548 cipi
361 1465 574 1545 placet3
603 1466 731 1547 {egis
766 1463 924 1526 babet
949 1473 1196 1550 vigorem.
1215 1463 1324 1548 (a)
1409 1467 1760 1532 Rationem
1796 1468 2035 1530 horum
2058 1467 2105 1529 s1
2140 1477 2356 1546 petas9
2395 1467 2507 1531 vel
2531 1463 2612 1530 ad

226 1545 580 1609 Rationem
611 1544 803 1609 status
838 1546 954 1630 (b)
987 1590 1010 1627 9
1056 1551 1165 1611 vel
1194 1546 1268 1610 ad
1309 1551 1350 1610 l.
1387 1567 1485 1614 20.
1515 1548 1584 1613 ff.
1609 1548 1688 1612 de
1714 1550 1846 1615 LL.
1898 1547 2286 1632 ablegaberis
2310 1589 2333 1626 9
2376 1549 2443 1611 in
2486 1567 2614 1631 qua

222 1630 398 1711 leges
427 1649 444 1690 t
484 1649 583 1691 non
599 1633 824 1692 omnium
854 1650 1053 1704 eorum,
1119 1649 1191 1693 ιιι
1213 1636 1246 1694 ὰ
1271 1632 1574 1712 Majoribus
1598 1633 1632 1715 ζ
1655 1632 1873 1698 dicere
1892 1631 2082 1696 liceat
2108 1638 2143 1696 ἐι
2165 1630 2611 1714 Novioribus)

216 1712 421 1789 statuta
444 1714 597 1788 sunt,
622 1715 760 1772 ratio
802 1713 921 1775 dari
947 1725 1070 1796 poce
1114 1759 1129 1775 .
1237 1712 1356 1776 His
1385 1711 1467 1775 de
1507 1713 2017 1800 Jurisprudentia
2041 1714 2312 1780 naturali
2343 1713 2617 1780 Publica

228 1791 559 1874 praemiffis
577 1832 599 1871 9
625 1791 766 1872 jam'
792 1810 865 1855 ea
884 1792 1175 1858 breviter
1201 1792 1490 1858 dicemus
1515 1837 1538 1874 9
1574 1817 1723 1880 quae
1752 1798 1821 1862 in
1859 1798 1981 1865 hac
2006 1797 2334 1882 disciplina
2369 1795 2452 1864 de
2481 1798 2616 1866 Sta-

227 1886 305 1938 tu
342 1876 408 1941 in
438 1892 670 1961 genere
705 1875 859 1940 &in
886 1875 1095 1958 specie
1127 1875 1290 1946 tradi
1331 1877 1836 1949 consueverunt.

1325 2049 1394 2154 §.
1447 2047 1537 2135 ΙΙ.

231 2215 475 2345 SYatus
500 2217 534 2275 ἐι
554 2214 738 2288 stando
781 2212 1021 2278 dicitur
1055 2254 1078 2294 9
1111 2215 1174 2282 &
1215 2215 1306 2280 est
1342 2236 1587 2284 nomen
1619 2215 1696 2282 ab
1730 2215 1985 2283 entibus
2015 2218 2112 2284 Ph
2159 2217 2300 2286 ficis
2336 2214 2414 2281 ad
2447 2212 2617 2279 entia

354 2294 620 2356 moralia
654 2299 1026 2360 translatum
1058 2317 1078 2377 3
1120 2319 1263 2360 nam
1292 2339 1315 2378 9
1349 2314 1552 2380 prout
1574 2300 1743 2364 haud
1768 2302 1990 2381 inepte
2029 2303 2092 2365 di
2121 2305 2323 2366 currit
2355 2303 2615 2369 Samuel

232 2374 695 2442 Pufendorfius
732 2377 844 2461 (c)
869 2419 892 2455 9
937 2379 1486 2462 quemadmodum
1518 2383 1878 2446 substantiae
1917 2384 2208 2468 Phyficae
2240 2382 2617 2470 quoddamae

232 2459 603 2544 supponunt
626 2459 893 2540 spatium
916 2502 939 2540 9
968 2462 1035 2525 in
1055 2482 1190 2545 quo
1217 2463 1387 2528 suam
1410 2479 1668 2546 ponunt
1695 2465 2089 2531 existentiam
2109 2506 2132 2544 9
2159 2466 2294 2529 suas
2342 2485 2428 2530 ue
2457 2485 2618 2546 ope-

229 2540 510 2604 rationes
538 2554 841 2606 exercent
868 2585 890 2621 9
923 2544 1007 2607 ita
1032 2544 1222 2608 etiam
1251 2547 1421 2611 entia
1458 2548 1723 2613 moralia
1754 2548 2217 2630 concipiuntur
2245 2569 2282 2612 e
2334 2567 2370 2612 e
2409 2546 2476 2610 in
2505 2545 2618 2611 ali-

235 2643 371 2709 quo
400 2623 562 2688 statu
587 2665 611 2705 9
654 2626 770 2713 qui
799 2625 1025 2693 iisdem
1055 2631 1265 2694 veluti
1298 2630 1720 2714 substernitur
1747 2671 1773 2712 9
1818 2643 1893 2697 ut
1942 2633 2011 2697 in
2045 2651 2128 2696 eo
2161 2631 2281 2695 sint
2308 2671 2331 2713 9
2369 2629 2618 2777 &xv-{98

1326 2716 1395 2779 A
2435 2727 2495 2778 'e
2553 2728 2621 2779 e-

229 2804 335 2872 (ε)
371 2810 421 2857 L.
437 2822 483 2864 ι.
505 2805 559 2856 ff.
577 2805 634 2855 de
655 2803 848 2856 Constit-
877 2807 1026 2858 Ptine.
1041 2804 1118 2857 ubi
1148 2807 1330 2859 ulterius
1353 2731 1540 2875 legiam
1587 2824 1745 2882 utpote
1766 2828 1899 2880 quum
1921 2815 2015 2879 lege
2041 2813 2183 2879 Regia
2197 2815 2384 2878 populns
2407 2820 2477 2872 ei,
2500 2810 2617 2867 &1-

370 2891 466 2923 eum
493 2891 618 2922 omne
635 2876 766 2936 fium-
788 2881 1023 2939 imperium
1051 2874 1102 2929 ὅ
1127 2877 1388 2942 potestatem
1414 2876 1636 2942 confine.
1675 2883 1750 2931 ubi
1771 2897 2006 2941 notamus,
2035 2881 2250 2930 haetenus
2271 2882 2476 2930 nondum
2496 2896 2618 2930 con·

372 2941 482 2991 state
500 2970 517 2996 9
545 2955 602 2990 an
619 2972 638 2997 ,
660 2957 755 3005 qua
776 2945 820 2992 δι
847 2945 987 3007 quali·
1014 2942 1148 2993 fuerit
1171 2946 1243 2993 ina
1272 2947 1347 2993 lex
1373 2952 1515 3011 regia.
1538 2947 1645 3011 quin
1671 2949 1765 2997 imo
1794 2964 1849 2997 ex
1884 2950 1964 2998 hac
1981 2948 2067 3012 ipsa
2086 2950 2183 3013 lege
2207 2963 2302 2997 non
2333 2949 2461 3013 pauci
2486 2949 2610 3012 iique

373 3024 477 3057 vete
495 3007 718 3057 Catholici
740 3008 962 3072 probant,
994 3011 1116 3078 quod
1144 3013 1333 3077 potestat
1358 3013 1597 3078 legislativa
1620 3019 1666 3066 δε
1692 3016 1900 3065 Κεόὶοτὶι
1925 3015 2127 3079 proxime
2144 3014 2384 3065 derivanda
2410 3015 2458 3064 fit
2474 3015 2501 3062 εὶ
2521 3033 2612 3078 po-

368 3077 478 3141 pulo
496 3108 510 3135 9
539 3078 584 3125 δε
609 3076 657 3123 in
688 3077 827 3125 dubio
842 3109 856 3136 9
879 3092 936 3126 nn
960 3081 1163 3142 Princeps
1194 3081 1281 3130 hoc
1300 3081 1370 3130 vel
1400 3081 1509 3131 iliud
1530 3085 1611 3146 Jus
1629 3082 1811 3139 subditi:
1830 3081 2005 3133 auferre
2032 3084 2177 3133 valeat
2199 3115 2217 3145 9
2247 3098 2331 3149 pto
2365 3085 2535 3150 populo
2557 3082 2609 3134 fit

364 3143 768 3206 pronuntiandum.
786 3141 860 3192 sed
880 3145 935 3193 de
960 3146 1045 3196 hoc
1076 3145 1209 3197 infra.
2209 3152 2213 3156 ’

232 3211 266 3279 (
282 3209 351 3277 b)
389 3210 513 3279 Quid
533 3212 711 3276 proprie
729 3211 957 3274 loquendo
984 3213 1034 3263 fit
1056 3218 1192 3265 Ratio
1206 3213 1355 3276 status
1377 3214 1583 3264 nondum
1612 3215 1827 3266 convenit
1847 3215 1965 3263 inter
1997 3215 2223 3268 authore·
2244 3219 2291 3268 ἅτ
2317 3219 2431 3282 ipsos
2455 3219 2610 3267 Politi-

335 3300 339 3304 -
367 3295 474 3336 cos,
495 3277 574 3328 etfi
602 3278 660 3327 nd
685 3279 807 3328 illam
834 3283 1118 3331 communius
1147 3285 1192 3332 Ge
1218 3283 1439 3332 ordinarie
1463 3299 1744 3348 provocetur.
1797 3284 1943 3332 Nobis
1964 3284 2162 3335 videtur:
2188 3289 2311 3348 quod
2333 3286 2507 3335 Anthou·
2531 3286 2611 3338 ine

369 3344 448 3396 [ub
481 3347 701 3396 ementito
733 3348 921 3397 nomine
946 3351 1179 3413 Hyppoliti
1209 3349 1240 3399 α’
1275 3353 1448 3415 Lapide
1478 3352 1535 3399 de
1562 3355 1754 3400 Ratione
1771 3353 1923 3400 Status
1943 3385 1958 3411 ,
1978 3368 2077 3402 utut
2106 3353 2290 3417 peffime
2319 3354 2509 3401 scribens
2527 3386 2541 3412 9
2559 3356 2607 3403 δι

364 3427 599 3480 propterea
625 3416 718 3472 iure
744 3414 1033 3480 proscriptus,
1070 3417 1185 3466 haud
1207 3420 1356 3483 inepte
1378 3420 1498 3467 illam
1522 3419 1771 3468 definiverit
1787 3452 1801 3479 9
1820 3421 1926 3467 dum
1957 3421 2100 3475 dixit,
2129 3424 2252 3488 quod
2265 3421 2325 3486 fit
2346 3435 2485 3470 certus
2499 3425 2605 3485 qui-

357 3484 469 3532 dam
496 3483 707 3530 Ponticus
729 3483 940 3545 respeelus
962 3516 976 3543 9
1009 3486 1076 3531 ad
1100 3503 1225 3550 quem
1246 3498 1468 3552 tanquam
1501 3488 1569 3535 ad
1594 3501 1800 3536 normam
1831 3488 1880 3540 ὅ
1908 3492 2176 3554 Cynosuram
2211 3492 2416 3552 aliquam
2451 3495 2609 3535 omnia

355 3549 540 3611 confiliae
555 3582 569 3607 9
597 3567 822 3615 omnaque
843 3553 1039 3599 actiones
1056 3558 1108 3600 in
1130 3556 1368 3618 Republica
1398 3559 1663 3620 dt'riguntur
1686 3588 1699 3609 9
1735 3567 1786 3604 ut
1807 3573 1857 3602 eo
1873 3555 2092 3625 felicius,
2120 3576 2175 3613 ac
2202 3559 2454 3628 expeditius
2465 3557 2605 3625 ficum

349 3620 487 3679 finem
508 3651 522 3677 ,
545 3624 624 3684 qni
645 3617 702 3680 est
716 3618 847 3682 salus
864 3654 878 3680 9
905 3618 956 3673 ὅ
989 3628 1305 3672 incrementum
1325 3625 1592 3693 'Reipubliu
1613 3619 1957 3695 consequantur!

217 3682 316 3751 (c)
350 3688 422 3737 De
443 3689 552 3752 Jute
575 3692 754 3740 Naum
777 3688 854 3740 lib.
883 3704 1040 3755 neap,
1057 3705 1074 3739 ι
1092 3722 1106 3744 .
1138 3701 1185 3748 s.
1206 3695 1252 3762 6,
1955 3732 1958 3734 ,

2016 724 2101 787 ita
2122 723 2615 804 Metamorpho-
2709 748 2711 751 ’
