2970 3918
1001 188 1121 268 De
1153 187 1542 268 Hieram-bia
1573 186 1999 284 Ecclfiastica.
2541 210 2566 259 ι
2592 212 2616 261 ι
2630 214 2675 272 7

273 347 595 417 xandrino
625 346 690 414 δε
715 343 1150 413 Antiocheno
1176 364 1259 410 ex
1282 345 1396 411 cit.
1427 344 1585 410 Can.
1611 346 2028 425 competente
2066 343 2395 405 evertatur
2434 336 2678 403 Prima-

276 446 383 499 tus
406 429 746 499 Pontificis
778 429 1063 495 Romani
1085 427 1165 491 ad
1191 427 1259 492 id
1290 448 1496 494 unum
1520 425 1980 493 attendendum
2016 423 2175 502 erit,
2198 441 2281 486 ne
2300 420 2412 485 fiat
2439 420 2676 485 confu-

271 517 368 582 fio
407 515 826 597 personarum
844 552 870 590 2
894 510 958 575 δι
972 508 1241 590 jurium.
1301 512 1511 595 ⁴Igitur
1538 511 2024 596 quadruplicem
2045 505 2378 590 personam
2412 504 2478 568 in
2501 506 2676 568 Pon-

271 600 455 663 tifice
487 595 672 661 distin
712 612 876 657 uere
898 631 921 670 >
950 593 1015 658 δι
1040 591 1298 675 singulis
1325 593 1612 674 personis
1651 594 1759 659 sua
1789 593 2141 659 attribuere
2178 631 2202 669 5
2240 589 2301 656 &
2342 585 2672 656 vindicare

265 684 412 764 jura
443 688 680 760 oporte
727 676 799 739 it.
899 674 1208 740 Pontifex
1244 675 1507 738 sustinet
1538 679 1874 756 personam
1903 680 2262 768 Metropolitae
2294 672 2360 738 in
2397 673 2676 738 Provin-

274 765 376 829 cia
407 765 707 826 Romana
732 797 757 835 3
818 761 1062 821 primatis
1086 757 1154 819 in
1179 758 1359 821 Italia
1380 758 1442 823 δι
1472 757 1903 837 adjacentibus
1928 756 2335 842 Reg1onibus
2366 794 2390 833 9
2432 760 2673 824 Patriar-

272 845 378 910 cbae
407 843 476 907 in
501 853 650 906 toto
683 837 1051 905 Occidente
1075 880 1099 919 2
1149 845 1392 903 primatis
1424 844 1731 922 universalis
1763 843 1826 907 &
1852 845 2085 925 Suprema·
2120 841 2186 904 in
2225 837 2528 904 universo
2562 857 2673 904 or·-

269 929 353 992 be
382 924 725 991 Catholico
751 963 776 1003 2
810 921 878 987 id
909 921 1092 1007 quod
1118 922 1285 986 nulli
1310 923 1693 988 Patriarchae
1727 924 1852 988 effe
1880 922 2219 1004 proprium
2248 920 2674 1007 dignoscitur,

269 1022 506 1091 utpote
535 1026 822 1093 quorum
848 1004 1228 1086 potestatem
1258 1006 1449 1069 certis
1464 1006 1822 1086 provinciis
1853 1009 1980 1071 effe
1997 1005 2541 1086 circumscriptam
2559 1027 2674 1072 ne-

270 1115 381 1159 mo
417 1095 691 1178 ignorat.
776 1092 1017 1172 Neque.
1046 1092 1261 1153 Patres
1289 1088 1535 1173 Synodi
1560 1089 1851 1154 Nicaenae
1873 1088 2312 1152 omnimodam
2335 1089 2672 1170 paritatem

271 1179 440 1242 inter
467 1172 859 1241 Pontificem
898 1174 1271 1236 Romanum
1309 1173 1369 1236 δε
1394 1171 1791 1252 Episcopum
1831 1170 2347 1236 Alexandrinum
2385 1171 2674 1237 institue-

269 1274 428 1325 runt
449 1300 473 1340 2
503 1256 613 1322 sed
636 1255 836 1320 unice
868 1254 1086 1338 quoad
1133 1255 1497 1320 Ordinationes
1521 1259 1887 1340 Episcoporum
1926 1273 2045 1335 per
2081 1253 2355 1319 diversas
2395 1256 2677 1320 Provin-

271 1344 400 1408 cias
429 1382 454 1421 ,
489 1359 682 1426 quas,
707 1349 784 1403 ut
811 1337 1137 1419 Episcopo
1163 1336 1612 1403 Alexandrino
1637 1357 1756 1420 per
1795 1338 2146 1422 AEgyptum
2176 1377 2201 1416 2
2246 1337 2512 1422 Lybiam
2550 1374 2574 1419 ‚-
2611 1339 2676 1405 &

268 1427 701 1506 Pentapaleon
730 1420 1170 1500 vindicarent,
1215 1421 1282 1484 in
1314 1423 1684 1503 exemplum
1707 1420 2167 1503 assumpserunt
2200 1420 2311 1507 Jus
2340 1419 2670 1486 Patriarcln'·

265 1530 382 1572 cum
412 1505 696 1575 Romani
731 1503 1069 1569 Pontificis
1125 1504 1491 1570 Ordinationes
1532 1508 1885 1587 Epij‘coporum
1914 1503 2001 1570 ’δι
2053 1503 2673 1584 Metropolitarum..

267 1611 387 1672 per
448 1609 673 1654 omnes
728 1587 1109 1653 Provincias
1163 1586 1543 1663 suburbicarias
1586 1585 1973 1653 celebrantis
2007 1628 2030 1668 ³
2085 1584 2252 1672 ‘quin
2299 1585 2380 1651 de
2420 1585 2674 1666 juribus

267 1674 603 1754 Papalibus
636 1670 946 1737 Pontifici
973 1691 1099 1755 qua
1124 1668 1426 1748 supremo
1454 1668 2006 1751 Ecclesiae-Capiti
2034 1671 2315 1751 propriis
2347 1673 2458 1738 vel
2494 1669 2673 1754 cogi·

266 1758 587 1836 taverint,
621 1757 731 1819 vel
761 1753 1220 1818 somniaverint
1242 1792 1266 1830 2
1310 1752 1520 1816 multo
1558 1751 1770 1819 minus
1813 1752 1921 1816 illa
1948 1754 2141 1817 certis
2178 1754 2674 1820 Provinciarum

266 1840 583 1908 limitibus
619 1836 1148 1913 circumscribere
1189 1836 1527 1899 voluerint
1557 1877 1581 1916 2
1624 1833 2176 1930 quemadmodum
2228 1835 2373 1917 ipsis
2402 1837 2670 1918 Episco-

266 1925 364 2008 pis
391 1919 840 1989 Alexandrino
867 1921 930 1986 &
957 1917 1385 1994 Antiocheno
1411 1916 1598 1982 suum
1624 1937 1731 2000 Jus
1773 1917 1899 1983 effe
1935 1918 2495 2002 circumscriptum
2537 1917 2665 2001 ipsa

262 2006 549 2074 Canonis
583 2003 785 2069 verba
810 2022 844 2066 a
929 2001 1194 2066 rtiffime
1230 2002 1618 2086 loquuntur.
2506 1998 2530 2019 ⁰

437 2093 776 2174 Quantum
799 2107 832 2151 a
904 2083 1221 2151 Ecclefias
1236 2084 1627 2164 suburbicarias
1650 2095 1906 2148 certum
1925 2080 2056 2163 est,
2103 2084 2242 2148 illas
2270 2081 2663 2166 respondere

264 2169 631 2242 Provinciis
641 2169 1029 2249 suburbicariis.
1111 2169 1267 2233 Non
1300 2166 1514 2243 minus
1543 2178 1800 2233 certum
1829 2168 1922 2230 est
1957 2167 2335 2231 Provincias
2361 2167 2664 2242 suburbica-

265 2262 374 2322 rias
405 2255 554 2319 alias
590 2250 722 2315 dici
761 2270 897 2314 non
931 2249 1155 2329 posse,
1199 2248 1315 2313 nifi
1353 2250 1530 2328 illas>
1578 2269 1737 2336 quae·
1762 2251 2046 2314 Romam
2081 2249 2659 2331 circumjacebant:

271 2348 412 2401 tota
451 2335 646 2421 igitur
672 2331 1013 2398 difficultas
1041 2330 1134 2396 est
1161 2330 1227 2396 in
1252 2329 1620 2416 aflignandis
1657 2349 1876 2398 earum
1913 2330 2223 2396 limitibus
2255 2354 2271 2395 t
2317 2335 2461 2398 sunt
2487 2333 2661 2398 enim

272 2440 411 2484 non
437 2415 628 2499 pauci
649 2455 673 2495 2
763 2415 834 2479 ui
858 2432 963 2479 eas
988 2413 1369 2482 arctioribus
1402 2413 1709 2478 limitibus
1739 2412 1802 2478 ὅτ
1828 2412 1906 2477 ad
1938 2413 2359 2480 centesimum
2391 2416 2468 2480 ab
2496 2415 2661 2479 urbe

272 2502 540 2568 milliare
566 2517 721 2564 coar
789 2512 934 2578 ant,
977 2497 1314 2563 afferentes
1337 2497 1473 2565 illas
1498 2515 1581 2560 eo
1618 2496 1828 2562 tractu
1856 2496 2220 2578 contineri„
2266 2498 2381 2583 qui
2420 2498 2662 2581 PraeseHo

264 2587 407 2649 urbis
436 2583 757 2664 parebant.
779 2584 942 2647 Sunt
963 2581 1093 2660 alii,
1112 2583 1225 2665 qui
1252 2581 1385 2644 illas
1418 2578 1495 2643 ad
1526 2599 1751 2646 omnes
1783 2579 2189 2659 provincias,
2218 2600 2368 2666 quae
2400 2580 2546 2645 Urbis
2565 2587 2662 2643 Vi·-

266 2673 408 2731 c‘ario
427 2664 948 2746 subjiciebantur,
975 2662 1380 2746 protendunt
1398 2703 1421 2744 2
1439 2668 1657 2747 quorfi
1682 2663 1976 2731 dostrina
1998 2663 2289 2745 pondere
2316 2662 2666 2729 authorita-

268 2748 390 2828 εἰς,
436 2748 780 2814 &rationis
811 2750 1126 2830 praevalet
1149 2747 1301 2833 (a).
1414 2746 1743 2833 Quoniam
1775 2766 1942 2813 vero
1969 2747 2113 2811 haec
2141 2748 2413 2832 quaestio
2437 2744 2514 2810 ad
2536 2766 2657 2810 no-

268 2830 473 2979 Ξὶιὲῐιῃ
503 2829 772 2914 scopum
802 2851 1031 2915 parum
1060 2834 1177 2899 vel
1207 2830 1476 2899 omnino
1502 2829 1664 2897 nihil
1701 2829 1892 2911 facit,
1934 2848 2074 2898 eam
2107 2830 2438 2897 insinuafl'e
2467 2829 2656 2895 nobis

295 2936 343 2981 u
415 2926 525 2981 σιτ.

439 2996 769 3063 Hastenus
807 2994 1124 3078 diximu59
1149 2995 1512 3084 ‚quomodo
1545 3002 1693 3083 Jura
1726 2995 2111 3061 Patriarcbalia
2134 2998 2421 3063 moribus
2448 2994 2652 3060 intro-

273 3079 503 3161 duEta,
545 3080 609 3146 &
648 3080 715 3145 in
742 3080 1008 3145 Nicaena
1043 3081 1313 3169 Synodo
1341 3083 1482 3165 lege
1522 3080 1782 3161 publica
1811 3080 2090 3144 universi
2122 3082 2295 3146 orbis
2328 3079 2648 3148 Catholici

267 3162 603 3245 Episcopis
645 3164 1090 3230 Alexandrino
1121 3167 1182 3233 &
1215 3164 1636 3229 Antiocheno
1677 3163 1918 3228 fuerint
1955 3163 2240 3230 stabilita.
2360 3161 2561 3251 Quod
2599 3160 2647 3227 sl

268 3267 391 3329 pro
437 3244 758 3311 rediamur
792 3248 1066 3313 ulterius
1093 3289 1116 3328 >
1161 3250 1222 3314 δε
1264 3248 1555 3316 Concilia
1586 3246 1820 3310 codem
1856 3248 1916 3312 &
1957 3246 2361 3332 subsequenti
2401 3248 2644 3312 saeculo

268 3334 412 3398 cele
458 3341 627 3410 rata,
658 3349 810 3396 nem
861 3351 896 3396 e
926 3331 1413 3413 Constantinop.
1443 3335 1491 3396 Ι.
1512 3371 1534 3409 )
1562 3330 1951 3411 Ephesmum
1970 3370 1994 3409 ³
2026 3330 2088 3395 δι
2120 3330 2645 3397 chalcedonense

267 3414 717 3493 consulatum,
760 3413 780 3477 i
828 3434 931 3479 em
969 3415 1035 3479 in
1065 3415 1161 3480 his
1196 3415 1436 3482 fastum
1468 3414 1590 3478 effe
1628 3412 2185 3497 deprehendemus
2208 3456 2232 3498 2
2278 3417 2365 3483 ita
2393 3429 2644 3492 tamen,

271 3581 376 3654 (ι)
415 3579 653 3705 de’ffiu
665 3584 740 3632 Du
755 3581 833 3633 Pin
851 3540 1086 3650 dssisc'p.
1100 3583 1266 3636 Eccles.
1284 3501 1464 3635 Differ?-
1488 3514 1539 3635 13.
1559 3581 1698 3641 §.uh-
1713 3580 1788 3634 ubi
1804 3582 1898 3636 hnc
1916 3582 2070 3637 omnia
2093 3580 2221 3655 susq,
2242 3581 2359 3636 clare
2370 3615 2386 3647 ,
2407 3584 2451 3634 δε
2478 3509 2653 3634 erudiit}

482 3665 551 3701 BC!
609 3665 647 3701 t.
