<?xml version="1.0" encoding="UTF-8"?>
<!DOCTYPE html PUBLIC "-//W3C//DTD XHTML 1.0 Transitional//EN"
    "http://www.w3.org/TR/xhtml1/DTD/xhtml1-transitional.dtd">
<html xmlns="http://www.w3.org/1999/xhtml" xml:lang="en" lang="en">
 <head>
  <title>
</title>
<meta http-equiv="Content-Type" content="text/html;charset=utf-8" />
  <meta name='ocr-system' content='tesseract 3.04.00' />
  <meta name='ocr-capabilities' content='ocr_page ocr_carea ocr_par ocr_line ocrx_word'/>
</head>
<body>
  <div class='ocr_page' id='page_1' title='image "./destatuecclesiae00zalluoft_0200.png"; bbox 0 0 2970 3918; ppageno 0'>
   <div class='ocr_carea' id='block_1_1' title="bbox 368 172 1849 267">
    <p class='ocr_par' dir='ltr' id='par_1_1' title="bbox 368 172 1849 267">
     <span class='ocr_line' id='line_1_1' title="bbox 368 172 1849 267; baseline 0.002 -20"><span class='ocrx_word' id='word_1_1' title='bbox 368 192 502 253; x_wconf 77' lang='lat'><strong>180</strong></span> <span class='ocrx_word' id='word_1_2' title='bbox 1168 172 1367 267; x_wconf 77' lang='lat' dir='ltr'><strong>Caput</strong></span> <span class='ocrx_word' id='word_1_3' title='bbox 1402 174 1484 247; x_wconf 88' lang='lat' dir='ltr'><strong>II.</strong></span> <span class='ocrx_word' id='word_1_4' title='bbox 1539 182 1606 263; x_wconf 69' lang='lat'><strong>5.</strong></span> <span class='ocrx_word' id='word_1_5' title='bbox 1639 173 1849 250; x_wconf 85' lang='lat' dir='ltr'><em>XIV.</em></span> 
     </span>
    </p>
   </div>
   <div class='ocr_carea' id='block_1_2' title="bbox 358 325 2818 2398">
    <p class='ocr_par' dir='ltr' id='par_1_2' title="bbox 358 325 2818 2398">
     <span class='ocr_line' id='line_1_2' title="bbox 358 325 2818 409; baseline 0.001 -17"><span class='ocrx_word' id='word_1_6' title='bbox 358 341 474 392; x_wconf 80' lang='lat' dir='ltr'><strong>tes,</strong></span> <span class='ocrx_word' id='word_1_7' title='bbox 562 327 656 388; x_wconf 86' lang='lat' dir='ltr'><strong>At</strong></span> <span class='ocrx_word' id='word_1_8' title='bbox 683 328 859 404; x_wconf 85' lang='lat' dir='ltr'><strong>lapsu</strong></span> <span class='ocrx_word' id='word_1_9' title='bbox 894 336 1264 401; x_wconf 86' lang='lat' dir='ltr'><strong>temporum</strong></span> <span class='ocrx_word' id='word_1_10' title='bbox 1298 325 1542 409; x_wconf 86' lang='lat' dir='ltr'><strong>legibus</strong></span> <span class='ocrx_word' id='word_1_11' title='bbox 1575 328 2046 407; x_wconf 76' lang='lat' dir='ltr'><strong>Imperatorum</strong></span> <span class='ocrx_word' id='word_1_12' title='bbox 2075 367 2099 404; x_wconf 60' lang='lat'>2</span> <span class='ocrx_word' id='word_1_13' title='bbox 2141 327 2588 395; x_wconf 77' lang='lat' dir='ltr'><strong>conciliorum</strong></span> <span class='ocrx_word' id='word_1_14' title='bbox 2629 337 2746 400; x_wconf 72' lang='lat' dir='ltr'><strong>Ca·</strong></span> <span class='ocrx_word' id='word_1_15' title='bbox 2812 338 2818 343; x_wconf 83' lang='grc'><em>”</em></span> 
     </span>
     <span class='ocr_line' id='line_1_3' title="bbox 360 404 2747 492; baseline 0.003 -19"><span class='ocrx_word' id='word_1_16' title='bbox 360 409 635 474; x_wconf 84' lang='lat' dir='ltr'><strong>nonibus</strong></span> <span class='ocrx_word' id='word_1_17' title='bbox 655 449 676 483; x_wconf 86' lang='lat'><strong>·,</strong></span> <span class='ocrx_word' id='word_1_18' title='bbox 708 404 914 483; x_wconf 83' lang='lat' dir='ltr'><strong>&amp;ipsa</strong></span> <span class='ocrx_word' id='word_1_19' title='bbox 942 406 1003 466; x_wconf 89' lang='lat' dir='ltr'><strong>S.</strong></span> <span class='ocrx_word' id='word_1_20' title='bbox 1030 405 1364 471; x_wconf 56' lang='lat' dir='ltr'><strong>Benedicti</strong></span> <span class='ocrx_word' id='word_1_21' title='bbox 1392 411 1646 492; x_wconf 85' lang='lat' dir='ltr'><strong>Regula</strong></span> <span class='ocrx_word' id='word_1_22' title='bbox 1661 409 1997 474; x_wconf 85' lang='lat' dir='ltr'><strong>Monachis</strong></span> <span class='ocrx_word' id='word_1_23' title='bbox 2025 410 2320 490; x_wconf 85' lang='lat' dir='ltr'><strong>permiffa</strong></span> <span class='ocrx_word' id='word_1_24' title='bbox 2335 413 2461 476; x_wconf 87' lang='lat' dir='ltr'><strong>fuit</strong></span> <span class='ocrx_word' id='word_1_25' title='bbox 2486 414 2747 481; x_wconf 84' lang='lat' dir='ltr'><strong>suorum</strong></span> 
     </span>
     <span class='ocr_line' id='line_1_4' title="bbox 359 486 2749 575; baseline 0.003 -23"><span class='ocrx_word' id='word_1_26' title='bbox 359 494 690 558; x_wconf 81' lang='lat' dir='ltr'><strong>Abbatum</strong></span> <span class='ocrx_word' id='word_1_27' title='bbox 721 486 958 552; x_wconf 67' lang='lat' dir='ltr'><strong>eleEtio</strong></span> <span class='ocrx_word' id='word_1_28' title='bbox 990 487 1206 552; x_wconf 89' lang='lat' dir='ltr'><strong>donec</strong></span> <span class='ocrx_word' id='word_1_29' title='bbox 1236 489 1301 552; x_wconf 90' lang='lat' dir='ltr'><strong>id</strong></span> <span class='ocrx_word' id='word_1_30' title='bbox 1331 491 1537 572; x_wconf 88' lang='lat' dir='ltr'><strong>ipsum</strong></span> <span class='ocrx_word' id='word_1_31' title='bbox 1567 491 1634 555; x_wconf 92' lang='lat' dir='ltr'><strong>in</strong></span> <span class='ocrx_word' id='word_1_32' title='bbox 1652 491 1757 571; x_wconf 88' lang='lat' dir='ltr'><strong>jus</strong></span> <span class='ocrx_word' id='word_1_33' title='bbox 1782 491 2045 558; x_wconf 87' lang='lat' dir='ltr'><strong>firmum</strong></span> <span class='ocrx_word' id='word_1_34' title='bbox 2062 513 2134 558; x_wconf 91' lang='lat' dir='ltr'><strong>ac</strong></span> <span class='ocrx_word' id='word_1_35' title='bbox 2150 492 2368 556; x_wconf 83' lang='lat' dir='ltr'><strong>stabile</strong></span> <span class='ocrx_word' id='word_1_36' title='bbox 2394 495 2509 575; x_wconf 82' lang='lat' dir='ltr'><strong>ipsi</strong></span> <span class='ocrx_word' id='word_1_37' title='bbox 2530 515 2749 566; x_wconf 88' lang='lat' dir='ltr'><strong>rerum</strong></span> 
     </span>
     <span class='ocr_line' id='line_1_5' title="bbox 361 568 2747 658; baseline 0.003 -20"><span class='ocrx_word' id='word_1_38' title='bbox 361 588 603 638; x_wconf 82' lang='lat' dir='ltr'><strong>naturae</strong></span> <span class='ocrx_word' id='word_1_39' title='bbox 640 568 830 632; x_wconf 87' lang='lat' dir='ltr'><strong>valde</strong></span> <span class='ocrx_word' id='word_1_40' title='bbox 860 569 1207 635; x_wconf 75' lang='lat' dir='ltr'>conforme</span> <span class='ocrx_word' id='word_1_41' title='bbox 1229 574 1562 637; x_wconf 77' lang='lat' dir='ltr'><strong>transterit.</strong></span> <span class='ocrx_word' id='word_1_42' title='bbox 1651 580 1837 638; x_wconf 84' lang='lat' dir='ltr'><strong>Erant</strong></span> <span class='ocrx_word' id='word_1_43' title='bbox 1865 586 2080 639; x_wconf 89' lang='lat' dir='ltr'><strong>tamen</strong></span> <span class='ocrx_word' id='word_1_44' title='bbox 2120 575 2330 640; x_wconf 86' lang='lat' dir='ltr'><strong>adhue</strong></span> <span class='ocrx_word' id='word_1_45' title='bbox 2359 590 2655 658; x_wconf 90' lang='lat' dir='ltr'><strong>tempore</strong></span> <span class='ocrx_word' id='word_1_46' title='bbox 2685 583 2747 645; x_wconf 87' lang='lat' dir='ltr'><strong>S.</strong></span> 
     </span>
     <span class='ocr_line' id='line_1_6' title="bbox 361 651 2758 743; baseline 0.004 -25"><span class='ocrx_word' id='word_1_47' title='bbox 361 651 695 723; x_wconf 64' lang='lat' dir='ltr'><strong>Benedifiti</strong></span> <span class='ocrx_word' id='word_1_48' title='bbox 727 652 978 716; x_wconf 86' lang='lat' dir='ltr'><strong>Abbtes</strong></span> <span class='ocrx_word' id='word_1_49' title='bbox 1008 654 1072 717; x_wconf 92' lang='lat' dir='ltr'><strong>in</strong></span> <span class='ocrx_word' id='word_1_50' title='bbox 1106 655 1510 736; x_wconf 67' lang='lat' dir='ltr'><strong>Occidente³</strong></span> <span class='ocrx_word' id='word_1_51' title='bbox 1554 676 1718 740; x_wconf 90' lang='lat' dir='ltr'><strong>quos</strong></span> <span class='ocrx_word' id='word_1_52' title='bbox 1747 659 2064 743; x_wconf 82' lang='lat' dir='ltr'><strong>eligebant</strong></span> <span class='ocrx_word' id='word_1_53' title='bbox 2098 659 2412 741; x_wconf 83' lang='lat' dir='ltr'><strong>Episcopi.</strong></span> <span class='ocrx_word' id='word_1_54' title='bbox 2511 665 2653 726; x_wconf 92' lang='lat' dir='ltr'><strong>Imo</strong></span> <span class='ocrx_word' id='word_1_55' title='bbox 2696 664 2758 736; x_wconf 58' lang='lat' dir='ltr'><strong>is,</strong></span> 
     </span>
     <span class='ocr_line' id='line_1_7' title="bbox 361 734 2749 828; baseline 0.003 -26"><span class='ocrx_word' id='word_1_56' title='bbox 361 751 492 802; x_wconf 86' lang='lat' dir='ltr'><strong>erat</strong></span> <span class='ocrx_word' id='word_1_57' title='bbox 522 735 723 798; x_wconf 88' lang='lat' dir='ltr'><strong>totius</strong></span> <span class='ocrx_word' id='word_1_58' title='bbox 755 734 1043 800; x_wconf 85' lang='lat' dir='ltr'><strong>Orientis</strong></span> <span class='ocrx_word' id='word_1_59' title='bbox 1060 737 1245 816; x_wconf 63' lang='lat' dir='ltr'><strong>usus&gt;</strong></span> <span class='ocrx_word' id='word_1_60' title='bbox 1266 760 1462 822; x_wconf 85' lang='lat' dir='ltr'><strong>quem</strong></span> <span class='ocrx_word' id='word_1_61' title='bbox 1489 739 1747 805; x_wconf 88' lang='lat' dir='ltr'><strong>tandem</strong></span> <span class='ocrx_word' id='word_1_62' title='bbox 1763 740 2145 828; x_wconf 85' lang='lat' dir='ltr'><strong>Justinianus</strong></span> <span class='ocrx_word' id='word_1_63' title='bbox 2174 745 2528 824; x_wconf 83' lang='lat' dir='ltr'><strong>Imperator</strong></span> <span class='ocrx_word' id='word_1_64' title='bbox 2550 743 2749 808; x_wconf 85' lang='lat' dir='ltr'><strong>sustu-</strong></span> 
     </span>
     <span class='ocr_line' id='line_1_8' title="bbox 358 817 2751 913; baseline 0.003 -28"><span class='ocrx_word' id='word_1_65' title='bbox 358 822 474 898; x_wconf 69' lang='lat' dir='ltr'><strong>lit,</strong></span> <span class='ocrx_word' id='word_1_66' title='bbox 511 820 572 884; x_wconf 87' lang='lat'>&amp;</span> <span class='ocrx_word' id='word_1_67' title='bbox 600 818 707 899; x_wconf 88' lang='lat' dir='ltr'><strong>jus</strong></span> <span class='ocrx_word' id='word_1_68' title='bbox 742 818 1022 913; x_wconf 83' lang='lat' dir='ltr'><strong>eligendi</strong></span> <span class='ocrx_word' id='word_1_69' title='bbox 1051 817 1359 906; x_wconf 85' lang='lat' dir='ltr'><strong>suffragiis</strong></span> <span class='ocrx_word' id='word_1_70' title='bbox 1397 823 1876 890; x_wconf 86' lang='lat' dir='ltr'><strong>Monachorum</strong></span> <span class='ocrx_word' id='word_1_71' title='bbox 1917 824 2199 889; x_wconf 85' lang='lat' dir='ltr'><strong>reddidit</strong></span> <span class='ocrx_word' id='word_1_72' title='bbox 2227 866 2251 904; x_wconf 66' lang='lat'>2</span> <span class='ocrx_word' id='word_1_73' title='bbox 2295 845 2552 910; x_wconf 87' lang='lat' dir='ltr'><strong>unaque</strong></span> <span class='ocrx_word' id='word_1_74' title='bbox 2584 828 2751 891; x_wconf 92' lang='lat' dir='ltr'><strong>obli-</strong></span> 
     </span>
     <span class='ocr_line' id='line_1_9' title="bbox 361 902 2752 1052; baseline 0.003 -86"><span class='ocrx_word' id='word_1_75' title='bbox 361 904 533 990; x_wconf 84' lang='lat' dir='ltr'><strong>gavit</strong></span> <span class='ocrx_word' id='word_1_76' title='bbox 564 943 586 980; x_wconf 70' lang='lat'>³</span> <span class='ocrx_word' id='word_1_77' title='bbox 631 915 704 966; x_wconf 89' lang='lat' dir='ltr'><strong>ut</strong></span> <span class='ocrx_word' id='word_1_78' title='bbox 737 903 802 966; x_wconf 92' lang='lat' dir='ltr'><strong>in</strong></span> <span class='ocrx_word' id='word_1_79' title='bbox 838 902 963 983; x_wconf 82' lang='lat' dir='ltr'><strong>ipsa</strong></span> <span class='ocrx_word' id='word_1_80' title='bbox 988 904 1187 967; x_wconf 86' lang='lat' dir='ltr'><strong>verba</strong></span> <span class='ocrx_word' id='word_1_81' title='bbox 1213 905 1532 1052; x_wconf 59' lang='lat' dir='ltr'><strong>Evangelii</strong></span> <span class='ocrx_word' id='word_1_82' title='bbox 1563 908 1855 989; x_wconf 86' lang='lat' dir='ltr'><strong>jurarent</strong></span> <span class='ocrx_word' id='word_1_83' title='bbox 1885 906 1967 971; x_wconf 90' lang='lat' dir='ltr'><strong>de</strong></span> <span class='ocrx_word' id='word_1_84' title='bbox 2013 907 2232 972; x_wconf 84' lang='lat' dir='ltr'><strong>dandis</strong></span> <span class='ocrx_word' id='word_1_85' title='bbox 2274 908 2580 994; x_wconf 75' lang='lat' dir='ltr'><strong>suffragiis</strong></span> <span class='ocrx_word' id='word_1_86' title='bbox 2617 909 2752 996; x_wconf 83' lang='lat' dir='ltr'><strong>dig-</strong></span> 
     </span>
     <span class='ocr_line' id='line_1_10' title="bbox 361 985 2751 1077; baseline 0.003 -27"><span class='ocrx_word' id='word_1_87' title='bbox 361 987 550 1050; x_wconf 90' lang='lat' dir='ltr'><strong>niori.</strong></span> <span class='ocrx_word' id='word_1_88' title='bbox 584 985 692 1069; x_wconf 78' lang='lat' dir='ltr'><strong>(a)</strong></span> <span class='ocrx_word' id='word_1_89' title='bbox 777 989 986 1051; x_wconf 88' lang='lat' dir='ltr'><strong>Porro</strong></span> <span class='ocrx_word' id='word_1_90' title='bbox 1012 999 1226 1052; x_wconf 89' lang='lat' dir='ltr'><strong>autem</strong></span> <span class='ocrx_word' id='word_1_91' title='bbox 1255 989 1383 1062; x_wconf 83' lang='lat' dir='ltr'><strong>lice</strong></span> <span class='ocrx_word' id='word_1_92' title='bbox 1433 992 1684 1076; x_wconf 84' lang='lat' dir='ltr'><strong>Regula</strong></span> <span class='ocrx_word' id='word_1_93' title='bbox 1708 990 2120 1056; x_wconf 69' lang='lat' dir='ltr'><strong>Benedistina</strong></span> <span class='ocrx_word' id='word_1_94' title='bbox 2151 992 2356 1055; x_wconf 86' lang='lat' dir='ltr'><strong>ferme</strong></span> <span class='ocrx_word' id='word_1_95' title='bbox 2376 992 2506 1054; x_wconf 90' lang='lat' dir='ltr'><strong>sola</strong></span> <span class='ocrx_word' id='word_1_96' title='bbox 2526 994 2751 1077; x_wconf 84' lang='lat' dir='ltr'><strong>vigue-</strong></span> 
     </span>
     <span class='ocr_line' id='line_1_11' title="bbox 361 1069 2752 1154; baseline 0.002 -19"><span class='ocrx_word' id='word_1_97' title='bbox 361 1071 446 1135; x_wconf 86' lang='lat' dir='ltr'><strong>rit</strong></span> <span class='ocrx_word' id='word_1_98' title='bbox 477 1110 500 1148; x_wconf 63' lang='lat'>2</span> <span class='ocrx_word' id='word_1_99' title='bbox 536 1080 642 1132; x_wconf 89' lang='lat' dir='ltr'><strong>aut</strong></span> <span class='ocrx_word' id='word_1_100' title='bbox 665 1079 845 1133; x_wconf 89' lang='lat' dir='ltr'><strong>certe</strong></span> <span class='ocrx_word' id='word_1_101' title='bbox 869 1069 1296 1151; x_wconf 81' lang='lat' dir='ltr'><strong>principatum</strong></span> <span class='ocrx_word' id='word_1_102' title='bbox 1323 1075 1608 1139; x_wconf 86' lang='lat' dir='ltr'><strong>tenuerit</strong></span> <span class='ocrx_word' id='word_1_103' title='bbox 1627 1073 1899 1154; x_wconf 82' lang='lat' dir='ltr'><strong>maxime</strong></span> <span class='ocrx_word' id='word_1_104' title='bbox 1932 1075 1999 1138; x_wconf 91' lang='lat' dir='ltr'><strong>in</strong></span> <span class='ocrx_word' id='word_1_105' title='bbox 2021 1074 2222 1140; x_wconf 84' lang='lat' dir='ltr'><strong>Gallia</strong></span> <span class='ocrx_word' id='word_1_106' title='bbox 2247 1114 2271 1151; x_wconf 66' lang='lat'>2</span> <span class='ocrx_word' id='word_1_107' title='bbox 2315 1075 2376 1139; x_wconf 88' lang='lat'>&amp;</span> <span class='ocrx_word' id='word_1_108' title='bbox 2404 1074 2470 1138; x_wconf 90' lang='lat' dir='ltr'><strong>in</strong></span> <span class='ocrx_word' id='word_1_109' title='bbox 2500 1076 2617 1139; x_wconf 91' lang='lat' dir='ltr'><strong>hac</strong></span> <span class='ocrx_word' id='word_1_110' title='bbox 2644 1097 2752 1140; x_wconf 83' lang='lat' dir='ltr'><strong>ex-</strong></span> 
     </span>
     <span class='ocr_line' id='line_1_12' title="bbox 361 1154 2756 1241; baseline 0.003 -25"><span class='ocrx_word' id='word_1_111' title='bbox 361 1155 566 1237; x_wconf 84' lang='lat' dir='ltr'><strong>preffe</strong></span> <span class='ocrx_word' id='word_1_112' title='bbox 596 1154 856 1215; x_wconf 84' lang='lat' dir='ltr'><strong>cautum</strong></span> <span class='ocrx_word' id='word_1_113' title='bbox 882 1154 1129 1237; x_wconf 88' lang='lat' dir='ltr'><strong>legatur</strong></span> <span class='ocrx_word' id='word_1_114' title='bbox 1145 1194 1166 1229; x_wconf 77' lang='lat'>&gt;</span> <span class='ocrx_word' id='word_1_115' title='bbox 1191 1166 1264 1217; x_wconf 85' lang='lat' dir='ltr'><strong>ut</strong></span> <span class='ocrx_word' id='word_1_116' title='bbox 1292 1159 1599 1221; x_wconf 89' lang='lat' dir='ltr'><strong>Monachi</strong></span> <span class='ocrx_word' id='word_1_117' title='bbox 1618 1155 1733 1220; x_wconf 86' lang='lat' dir='ltr'><strong>fibi</strong></span> <span class='ocrx_word' id='word_1_118' title='bbox 1759 1157 2076 1223; x_wconf 84' lang='lat' dir='ltr'><strong>Abbatem</strong></span> <span class='ocrx_word' id='word_1_119' title='bbox 2107 1157 2456 1241; x_wconf 68' lang='lat' dir='ltr'><strong>eligerent,</strong></span> <span class='ocrx_word' id='word_1_120' title='bbox 2481 1169 2756 1222; x_wconf 83' lang='lat' dir='ltr'><strong>attamen·</strong></span> 
     </span>
     <span class='ocr_line' id='line_1_13' title="bbox 362 1234 2750 1326; baseline 0.003 -26"><span class='ocrx_word' id='word_1_121' title='bbox 362 1235 660 1300; x_wconf 79' lang='lat' dir='ltr'><strong>diversus</strong></span> <span class='ocrx_word' id='word_1_122' title='bbox 694 1234 820 1298; x_wconf 87' lang='lat' dir='ltr'><strong>fuit</strong></span> <span class='ocrx_word' id='word_1_123' title='bbox 859 1255 1000 1300; x_wconf 86' lang='lat' dir='ltr'><strong>mos</strong></span> <span class='ocrx_word' id='word_1_124' title='bbox 1024 1236 1090 1299; x_wconf 90' lang='lat' dir='ltr'><strong>in</strong></span> <span class='ocrx_word' id='word_1_125' title='bbox 1127 1236 1390 1303; x_wconf 83' lang='lat' dir='ltr'><strong>diversis</strong></span> <span class='ocrx_word' id='word_1_126' title='bbox 1427 1242 1609 1304; x_wconf 80' lang='lat' dir='ltr'><strong>locis,</strong></span> <span class='ocrx_word' id='word_1_127' title='bbox 1709 1239 2078 1323; x_wconf 88' lang='lat' dir='ltr'><strong>Loquendo</strong></span> <span class='ocrx_word' id='word_1_128' title='bbox 2118 1241 2200 1309; x_wconf 84' lang='lat' dir='ltr'><strong>de</strong></span> <span class='ocrx_word' id='word_1_129' title='bbox 2235 1244 2468 1326; x_wconf 85' lang='lat' dir='ltr'><strong>Regno</strong></span> <span class='ocrx_word' id='word_1_130' title='bbox 2498 1243 2750 1321; x_wconf 79' lang='lat' dir='ltr'><strong>Galliae,</strong></span> 
     </span>
     <span class='ocr_line' id='line_1_14' title="bbox 366 1317 2754 1406; baseline 0.001 -21"><span class='ocrx_word' id='word_1_131' title='bbox 366 1318 533 1385; x_wconf 86' lang='lat' dir='ltr'><strong>infra</strong></span> <span class='ocrx_word' id='word_1_132' title='bbox 558 1317 888 1398; x_wconf 61' lang='lat' dir='ltr'><strong>dicemus)</strong></span> <span class='ocrx_word' id='word_1_133' title='bbox 966 1318 1102 1384; x_wconf 87' lang='lat' dir='ltr'><strong>uod</strong></span> <span class='ocrx_word' id='word_1_134' title='bbox 1131 1319 1197 1381; x_wconf 89' lang='lat' dir='ltr'><strong>in</strong></span> <span class='ocrx_word' id='word_1_135' title='bbox 1230 1342 1311 1385; x_wconf 91' lang='lat' dir='ltr'><strong>eo</strong></span> <span class='ocrx_word' id='word_1_136' title='bbox 1336 1321 1576 1389; x_wconf 83' lang='lat' dir='ltr'><strong>fuerint</strong></span> <span class='ocrx_word' id='word_1_137' title='bbox 1615 1320 1884 1402; x_wconf 85' lang='lat' dir='ltr'><strong>duplicis</strong></span> <span class='ocrx_word' id='word_1_138' title='bbox 1917 1324 2164 1406; x_wconf 76' lang='lat' dir='ltr'><strong>generis</strong></span> <span class='ocrx_word' id='word_1_139' title='bbox 2204 1323 2541 1403; x_wconf 73' lang='lat' dir='ltr'><strong>Abbatiae‚</strong></span> <span class='ocrx_word' id='word_1_140' title='bbox 2576 1345 2754 1389; x_wconf 86' lang='lat' dir='ltr'><strong>nem-</strong></span> 
     </span>
     <span class='ocr_line' id='line_1_15' title="bbox 362 1344 2754 1489; baseline 0.003 -23"><span class='ocrx_word' id='word_1_141' title='bbox 362 1423 446 1485; x_wconf 88' lang='lat' dir='ltr'><strong>pe</strong></span> <span class='ocrx_word' id='word_1_142' title='bbox 477 1344 998 1482; x_wconf 50' lang='lat' dir='ltr'><strong>Episcopale52}z</strong></span> <span class='ocrx_word' id='word_1_143' title='bbox 1025 1406 1296 1486; x_wconf 83' lang='lat' dir='ltr'><strong>Regales</strong></span> <span class='ocrx_word' id='word_1_144' title='bbox 1320 1446 1342 1483; x_wconf 73' lang='lat'>,</span> <span class='ocrx_word' id='word_1_145' title='bbox 1367 1405 1434 1468; x_wconf 93' lang='lat' dir='ltr'><strong>in</strong></span> <span class='ocrx_word' id='word_1_146' title='bbox 1467 1405 1792 1487; x_wconf 87' lang='lat' dir='ltr'><strong>prioribus</strong></span> <span class='ocrx_word' id='word_1_147' title='bbox 1819 1406 2136 1488; x_wconf 77' lang='lat' dir='ltr'><strong>eligebant</strong></span> <span class='ocrx_word' id='word_1_148' title='bbox 2167 1408 2514 1487; x_wconf 73' lang='lat' dir='ltr'><strong>Monachi,</strong></span> <span class='ocrx_word' id='word_1_149' title='bbox 2544 1408 2606 1471; x_wconf 81' lang='lat' dir='ltr'><strong>in</strong></span> <span class='ocrx_word' id='word_1_150' title='bbox 2636 1428 2754 1489; x_wconf 86' lang='lat' dir='ltr'><strong>po-</strong></span> 
     </span>
     <span class='ocr_line' id='line_1_16' title="bbox 361 1485 2756 1573; baseline 0 -22"><span class='ocrx_word' id='word_1_151' title='bbox 361 1485 735 1551; x_wconf 79' lang='lat' dir='ltr'><strong>sterioribus</strong></span> <span class='ocrx_word' id='word_1_152' title='bbox 762 1485 1172 1551; x_wconf 84' lang='lat' dir='ltr'><strong>nominabant</strong></span> <span class='ocrx_word' id='word_1_153' title='bbox 1198 1491 1414 1573; x_wconf 77' lang='lat' dir='ltr'><strong>Reges</strong></span> <span class='ocrx_word' id='word_1_154' title='bbox 1441 1528 1463 1566; x_wconf 62' lang='lat'>2</span> <span class='ocrx_word' id='word_1_155' title='bbox 1499 1489 1712 1553; x_wconf 92' lang='lat' dir='ltr'><strong>donec</strong></span> <span class='ocrx_word' id='word_1_156' title='bbox 1761 1491 2031 1552; x_wconf 86' lang='lat' dir='ltr'><strong>Carolus</strong></span> <span class='ocrx_word' id='word_1_157' title='bbox 2059 1492 2150 1552; x_wconf 88' lang='lat' dir='ltr'><strong>M.</strong></span> <span class='ocrx_word' id='word_1_158' title='bbox 2197 1491 2487 1568; x_wconf 86' lang='lat' dir='ltr'><strong>pluribus</strong></span> <span class='ocrx_word' id='word_1_159' title='bbox 2535 1492 2756 1571; x_wconf 83' lang='lat' dir='ltr'><strong>hujus-</strong></span> 
     </span>
     <span class='ocr_line' id='line_1_17' title="bbox 362 1567 2757 1656; baseline 0.002 -22"><span class='ocrx_word' id='word_1_160' title='bbox 362 1567 549 1634; x_wconf 84' lang='lat' dir='ltr'><strong>modi</strong></span> <span class='ocrx_word' id='word_1_161' title='bbox 572 1567 866 1631; x_wconf 85' lang='lat' dir='ltr'><strong>Abbatiis</strong></span> <span class='ocrx_word' id='word_1_162' title='bbox 891 1569 1300 1653; x_wconf 86' lang='lat' dir='ltr'><strong>privilegium</strong></span> <span class='ocrx_word' id='word_1_163' title='bbox 1328 1571 1606 1656; x_wconf 90' lang='lat' dir='ltr'><strong>eligendi</strong></span> <span class='ocrx_word' id='word_1_164' title='bbox 1635 1569 1749 1633; x_wconf 88' lang='lat' dir='ltr'><strong>fibi</strong></span> <span class='ocrx_word' id='word_1_165' title='bbox 1780 1572 2102 1635; x_wconf 85' lang='lat' dir='ltr'><strong>Abbatem</strong></span> <span class='ocrx_word' id='word_1_166' title='bbox 2129 1574 2532 1638; x_wconf 71' lang='lat' dir='ltr'><strong>concesserit.</strong></span> <span class='ocrx_word' id='word_1_167' title='bbox 2618 1575 2757 1638; x_wconf 77' lang='lat' dir='ltr'><strong>Ve-</strong></span> 
     </span>
     <span class='ocr_line' id='line_1_18' title="bbox 364 1651 2755 1740; baseline 0.001 -24"><span class='ocrx_word' id='word_1_168' title='bbox 364 1672 513 1716; x_wconf 89' lang='lat' dir='ltr'><strong>rum</strong></span> <span class='ocrx_word' id='word_1_169' title='bbox 542 1651 798 1715; x_wconf 86' lang='lat' dir='ltr'><strong>labente</strong></span> <span class='ocrx_word' id='word_1_170' title='bbox 823 1662 1117 1733; x_wconf 88' lang='lat' dir='ltr'><strong>tempore</strong></span> <span class='ocrx_word' id='word_1_171' title='bbox 1142 1654 1269 1716; x_wconf 89' lang='lat' dir='ltr'><strong>hoc</strong></span> <span class='ocrx_word' id='word_1_172' title='bbox 1295 1654 1636 1739; x_wconf 84' lang='lat' dir='ltr'><strong>privilegio</strong></span> <span class='ocrx_word' id='word_1_173' title='bbox 1663 1653 2026 1735; x_wconf 89' lang='lat' dir='ltr'><strong>posthabito</strong></span> <span class='ocrx_word' id='word_1_174' title='bbox 2054 1655 2289 1719; x_wconf 86' lang='lat' dir='ltr'><strong>iterum</strong></span> <span class='ocrx_word' id='word_1_175' title='bbox 2306 1659 2521 1740; x_wconf 83' lang='lat' dir='ltr'><strong>Reges</strong></span> <span class='ocrx_word' id='word_1_176' title='bbox 2548 1657 2755 1721; x_wconf 86' lang='lat' dir='ltr'><strong>nomi-</strong></span> 
     </span>
     <span class='ocr_line' id='line_1_19' title="bbox 366 1735 2758 1830; baseline 0.002 -30"><span class='ocrx_word' id='word_1_177' title='bbox 366 1744 694 1800; x_wconf 84' lang='lat' dir='ltr'><strong>naverant.</strong></span> <span class='ocrx_word' id='word_1_178' title='bbox 768 1737 844 1796; x_wconf 93' lang='lat' dir='ltr'><strong>In</strong></span> <span class='ocrx_word' id='word_1_179' title='bbox 874 1736 1209 1799; x_wconf 84' lang='lat' dir='ltr'><strong>Germania</strong></span> <span class='ocrx_word' id='word_1_180' title='bbox 1234 1757 1508 1830; x_wconf 87' lang='lat' dir='ltr'><strong>quoque</strong></span> <span class='ocrx_word' id='word_1_181' title='bbox 1534 1735 1822 1802; x_wconf 86' lang='lat' dir='ltr'><strong>diversus</strong></span> <span class='ocrx_word' id='word_1_182' title='bbox 1854 1738 2060 1822; x_wconf 88' lang='lat' dir='ltr'><strong>viguit</strong></span> <span class='ocrx_word' id='word_1_183' title='bbox 2098 1758 2282 1802; x_wconf 90' lang='lat' dir='ltr'><strong>mos:</strong></span> <span class='ocrx_word' id='word_1_184' title='bbox 2328 1740 2568 1819; x_wconf 82' lang='lat' dir='ltr'><strong>majora</strong></span> <span class='ocrx_word' id='word_1_185' title='bbox 2609 1743 2758 1804; x_wconf 90' lang='lat' dir='ltr'><strong>Mo-</strong></span> 
     </span>
     <span class='ocr_line' id='line_1_20' title="bbox 365 1816 2759 1904; baseline 0.002 -22"><span class='ocrx_word' id='word_1_186' title='bbox 365 1817 630 1882; x_wconf 83' lang='lat' dir='ltr'><strong>nasteria</strong></span> <span class='ocrx_word' id='word_1_187' title='bbox 668 1816 916 1880; x_wconf 86' lang='lat' dir='ltr'><strong>facilius</strong></span> <span class='ocrx_word' id='word_1_188' title='bbox 944 1817 1005 1882; x_wconf 87' lang='lat'>&amp;</span> <span class='ocrx_word' id='word_1_189' title='bbox 1038 1817 1267 1899; x_wconf 82' lang='lat' dir='ltr'><strong>saepius</strong></span> <span class='ocrx_word' id='word_1_190' title='bbox 1301 1821 1418 1883; x_wconf 79' lang='lat' dir='ltr'><strong>sibi</strong></span> <span class='ocrx_word' id='word_1_191' title='bbox 1452 1819 1862 1885; x_wconf 84' lang='lat' dir='ltr'><strong>vindicarunt</strong></span> <span class='ocrx_word' id='word_1_192' title='bbox 1894 1821 1999 1900; x_wconf 81' lang='lat' dir='ltr'><strong>jus</strong></span> <span class='ocrx_word' id='word_1_193' title='bbox 2027 1821 2299 1904; x_wconf 81' lang='lat' dir='ltr'><strong>eligendi</strong></span> <span class='ocrx_word' id='word_1_194' title='bbox 2324 1865 2354 1900; x_wconf 37' lang='grc' dir='ltr'><strong>ψ,</strong></span> <span class='ocrx_word' id='word_1_195' title='bbox 2383 1843 2516 1886; x_wconf 86' lang='lat' dir='ltr'><strong>non</strong></span> <span class='ocrx_word' id='word_1_196' title='bbox 2543 1835 2759 1902; x_wconf 83' lang='lat' dir='ltr'><strong>autem</strong></span> 
     </span>
     <span class='ocr_line' id='line_1_21' title="bbox 367 1898 2759 1977; baseline 0.001 -10"><span class='ocrx_word' id='word_1_197' title='bbox 367 1901 642 1967; x_wconf 85' lang='lat' dir='ltr'><strong>minora.</strong></span> <span class='ocrx_word' id='word_1_198' title='bbox 725 1898 923 1963; x_wconf 87' lang='lat' dir='ltr'><strong>Etiam</strong></span> <span class='ocrx_word' id='word_1_199' title='bbox 952 1899 1285 1966; x_wconf 85' lang='lat' dir='ltr'><strong>hodiernis</strong></span> <span class='ocrx_word' id='word_1_200' title='bbox 1307 1903 1597 1967; x_wconf 88' lang='lat' dir='ltr'><strong>moribus</strong></span> <span class='ocrx_word' id='word_1_201' title='bbox 1627 1904 1900 1977; x_wconf 85' lang='lat' dir='ltr'><strong>variain</strong></span> <span class='ocrx_word' id='word_1_202' title='bbox 1923 1903 2108 1966; x_wconf 84' lang='lat' dir='ltr'><strong>variis</strong></span> <span class='ocrx_word' id='word_1_203' title='bbox 2142 1906 2506 1970; x_wconf 84' lang='lat' dir='ltr'><strong>Provinciis</strong></span> <span class='ocrx_word' id='word_1_204' title='bbox 2537 1907 2598 1972; x_wconf 87' lang='lat'>&amp;</span> <span class='ocrx_word' id='word_1_205' title='bbox 2626 1909 2759 1970; x_wconf 84' lang='lat' dir='ltr'><strong>Re-</strong></span> 
     </span>
     <span class='ocr_line' id='line_1_22' title="bbox 370 1982 2758 2069; baseline 0.002 -22"><span class='ocrx_word' id='word_1_206' title='bbox 370 1984 506 2069; x_wconf 86' lang='lat' dir='ltr'><strong>gnis</strong></span> <span class='ocrx_word' id='word_1_207' title='bbox 532 1982 600 2047; x_wconf 88' lang='lat' dir='ltr'><strong>vi</strong></span> <span class='ocrx_word' id='word_1_208' title='bbox 637 1993 710 2046; x_wconf 80' lang='lat' dir='ltr'><strong>‘et</strong></span> <span class='ocrx_word' id='word_1_209' title='bbox 733 1982 1167 2048; x_wconf 84' lang='lat' dir='ltr'><strong>consuetudo.</strong></span> <span class='ocrx_word' id='word_1_210' title='bbox 1220 1987 1298 2048; x_wconf 93' lang='lat' dir='ltr'><strong>In</strong></span> <span class='ocrx_word' id='word_1_211' title='bbox 1330 1986 1672 2050; x_wconf 87' lang='lat' dir='ltr'><strong>Germania</strong></span> <span class='ocrx_word' id='word_1_212' title='bbox 1706 1997 1783 2049; x_wconf 89' lang='lat' dir='ltr'><strong>ut</strong></span> <span class='ocrx_word' id='word_1_213' title='bbox 1803 1985 2157 2066; x_wconf 87' lang='lat' dir='ltr'><strong>plurimum</strong></span> <span class='ocrx_word' id='word_1_214' title='bbox 2196 1987 2450 2051; x_wconf 86' lang='lat' dir='ltr'><strong>obtinet</strong></span> <span class='ocrx_word' id='word_1_215' title='bbox 2482 1987 2758 2069; x_wconf 86' lang='lat' dir='ltr'><strong>potestas</strong></span> 
     </span>
     <span class='ocr_line' id='line_1_23' title="bbox 369 2065 2758 2149; baseline 0 -17"><span class='ocrx_word' id='word_1_216' title='bbox 369 2068 452 2133; x_wconf 91' lang='lat' dir='ltr'><strong>eli</strong></span> <span class='ocrx_word' id='word_1_217' title='bbox 499 2086 580 2129; x_wconf 89' lang='lat' dir='ltr'><strong>en</strong></span> <span class='ocrx_word' id='word_1_218' title='bbox 628 2067 670 2129; x_wconf 91' lang='lat' dir='ltr'><strong>i.</strong></span> <span class='ocrx_word' id='word_1_219' title='bbox 756 2069 832 2129; x_wconf 90' lang='lat' dir='ltr'><strong>In</strong></span> <span class='ocrx_word' id='word_1_220' title='bbox 854 2065 1059 2130; x_wconf 87' lang='lat' dir='ltr'><strong>Gallia</strong></span> <span class='ocrx_word' id='word_1_221' title='bbox 1077 2067 1223 2129; x_wconf 82' lang='lat' dir='ltr'><strong>Rex</strong></span> <span class='ocrx_word' id='word_1_222' title='bbox 1243 2068 1532 2130; x_wconf 86' lang='lat' dir='ltr'><strong>nominat</strong></span> <span class='ocrx_word' id='word_1_223' title='bbox 1551 2068 1839 2131; x_wconf 87' lang='lat' dir='ltr'><strong>Abbates</strong></span> <span class='ocrx_word' id='word_1_224' title='bbox 1861 2068 2490 2149; x_wconf 62' lang='lat' dir='ltr'><strong>Commendatarios„</strong></span> <span class='ocrx_word' id='word_1_225' title='bbox 2532 2071 2578 2133; x_wconf 79' lang='lat' dir='ltr'><strong>si</strong></span> <span class='ocrx_word' id='word_1_226' title='bbox 2610 2073 2758 2133; x_wconf 88' lang='lat' dir='ltr'><strong>Mo-</strong></span> 
     </span>
     <span class='ocr_line' id='line_1_24' title="bbox 366 2146 2756 2234; baseline 0 -19"><span class='ocrx_word' id='word_1_227' title='bbox 366 2156 474 2215; x_wconf 85' lang='lat' dir='ltr'><strong>na1</strong></span> <span class='ocrx_word' id='word_1_228' title='bbox 504 2150 634 2214; x_wconf 88' lang='lat' dir='ltr'><strong>eria</strong></span> <span class='ocrx_word' id='word_1_229' title='bbox 661 2189 684 2227; x_wconf 66' lang='lat'>2</span> <span class='ocrx_word' id='word_1_230' title='bbox 726 2165 876 2233; x_wconf 82' lang='lat' dir='ltr'><strong>quae</strong></span> <span class='ocrx_word' id='word_1_231' title='bbox 914 2146 1237 2214; x_wconf 88' lang='lat' dir='ltr'><strong>Ordinum</strong></span> <span class='ocrx_word' id='word_1_232' title='bbox 1271 2151 1475 2231; x_wconf 87' lang='lat' dir='ltr'><strong>capita</strong></span> <span class='ocrx_word' id='word_1_233' title='bbox 1510 2151 1820 2215; x_wconf 88' lang='lat' dir='ltr'><strong>dicuntur</strong></span> <span class='ocrx_word' id='word_1_234' title='bbox 1844 2191 1870 2230; x_wconf 68' lang='lat'>³</span> <span class='ocrx_word' id='word_1_235' title='bbox 1918 2150 2327 2229; x_wconf 79' lang='lat' dir='ltr'><strong>excipiamus,</strong></span> <span class='ocrx_word' id='word_1_236' title='bbox 2415 2159 2490 2218; x_wconf 83' lang='lat' dir='ltr'><strong>ln</strong></span> <span class='ocrx_word' id='word_1_237' title='bbox 2538 2153 2756 2234; x_wconf 85' lang='lat' dir='ltr'><strong>Hispa-</strong></span> 
     </span>
     <span class='ocr_line' id='line_1_25' title="bbox 370 2231 2757 2317; baseline 0.001 -20"><span class='ocrx_word' id='word_1_238' title='bbox 370 2235 476 2297; x_wconf 89' lang='lat' dir='ltr'><strong>nia</strong></span> <span class='ocrx_word' id='word_1_239' title='bbox 526 2251 796 2317; x_wconf 87' lang='lat' dir='ltr'><strong>quoque</strong></span> <span class='ocrx_word' id='word_1_240' title='bbox 838 2250 920 2295; x_wconf 79' lang='lat' dir='ltr'><strong>ex</strong></span> <span class='ocrx_word' id='word_1_241' title='bbox 965 2231 1391 2298; x_wconf 87' lang='lat' dir='ltr'><strong>Concordatis</strong></span> <span class='ocrx_word' id='word_1_242' title='bbox 1443 2233 1589 2315; x_wconf 82' lang='lat' dir='ltr'><strong>ipsis</strong></span> <span class='ocrx_word' id='word_1_243' title='bbox 1629 2233 1982 2315; x_wconf 85' lang='lat' dir='ltr'><strong>Hispanicis</strong></span> <span class='ocrx_word' id='word_1_244' title='bbox 2033 2232 2387 2299; x_wconf 68' lang='lat' dir='ltr'><strong>elestiones</strong></span> <span class='ocrx_word' id='word_1_245' title='bbox 2431 2238 2757 2300; x_wconf 86' lang='lat' dir='ltr'><strong>Abbatum</strong></span> 
     </span>
     <span class='ocr_line' id='line_1_26' title="bbox 370 2315 1042 2398; baseline -0.003 -18"><span class='ocrx_word' id='word_1_246' title='bbox 370 2315 516 2380; x_wconf 89' lang='lat' dir='ltr'><strong>sunt</strong></span> <span class='ocrx_word' id='word_1_247' title='bbox 549 2332 746 2395; x_wconf 89' lang='lat' dir='ltr'><strong>penes</strong></span> <span class='ocrx_word' id='word_1_248' title='bbox 770 2316 1042 2398; x_wconf 83' lang='lat' dir='ltr'><strong>Regem.</strong></span> 
     </span>
    </p>
   </div>
   <div class='ocr_carea' id='block_1_3' title="bbox 539 2395 2761 2482">
    <p class='ocr_par' dir='ltr' id='par_1_3' title="bbox 539 2395 2761 2482">
     <span class='ocr_line' id='line_1_27' title="bbox 539 2395 2761 2482; baseline 0.001 -20"><span class='ocrx_word' id='word_1_249' title='bbox 539 2399 652 2462; x_wconf 87' lang='lat' dir='ltr'><strong>De</strong></span> <span class='ocrx_word' id='word_1_250' title='bbox 687 2396 991 2481; x_wconf 86' lang='lat' dir='ltr'><strong>dignitate</strong></span> <span class='ocrx_word' id='word_1_251' title='bbox 1020 2396 1354 2465; x_wconf 87' lang='lat' dir='ltr'><strong>Abbatum</strong></span> <span class='ocrx_word' id='word_1_252' title='bbox 1378 2395 1735 2463; x_wconf 75' lang='lat' dir='ltr'><strong>videamus,</strong></span> <span class='ocrx_word' id='word_1_253' title='bbox 1792 2399 1972 2461; x_wconf 88' lang='lat' dir='ltr'><strong>Olim</strong></span> <span class='ocrx_word' id='word_1_254' title='bbox 2001 2417 2136 2459; x_wconf 89' lang='lat' dir='ltr'><strong>non</strong></span> <span class='ocrx_word' id='word_1_255' title='bbox 2165 2395 2327 2461; x_wconf 85' lang='lat' dir='ltr'><strong>adeo</strong></span> <span class='ocrx_word' id='word_1_256' title='bbox 2356 2411 2488 2465; x_wconf 79' lang='lat' dir='ltr'><strong>erat</strong></span> <span class='ocrx_word' id='word_1_257' title='bbox 2511 2400 2761 2482; x_wconf 86' lang='lat' dir='ltr'><strong>conspi-</strong></span> 
     </span>
    </p>
   </div>
   <div class='ocr_carea' id='block_1_4' title="bbox 372 2479 2889 2568">
    <p class='ocr_par' dir='ltr' id='par_1_4' title="bbox 372 2479 2889 2568">
     <span class='ocr_line' id='line_1_28' title="bbox 372 2479 2889 2568; baseline 0.002 -21"><span class='ocrx_word' id='word_1_258' title='bbox 372 2500 497 2548; x_wconf 86' lang='lat' dir='ltr'><strong>cua</strong></span> <span class='ocrx_word' id='word_1_259' title='bbox 519 2481 851 2546; x_wconf 86' lang='lat' dir='ltr'><strong>Abbatum</strong></span> <span class='ocrx_word' id='word_1_260' title='bbox 884 2481 1151 2565; x_wconf 86' lang='lat' dir='ltr'><strong>dignitas</strong></span> <span class='ocrx_word' id='word_1_261' title='bbox 1169 2522 1192 2559; x_wconf 61' lang='lat'>2</span> <span class='ocrx_word' id='word_1_262' title='bbox 1242 2483 1304 2548; x_wconf 91' lang='lat'>&amp;</span> <span class='ocrx_word' id='word_1_263' title='bbox 1329 2479 1593 2566; x_wconf 87' lang='lat' dir='ltr'><strong>quidem</strong></span> <span class='ocrx_word' id='word_1_264' title='bbox 1616 2484 1650 2544; x_wconf 77' lang='lat' dir='ltr'><strong>a</strong></span> <span class='ocrx_word' id='word_1_265' title='bbox 1669 2481 1978 2562; x_wconf 78' lang='lat' dir='ltr'><strong>primaeva</strong></span> <span class='ocrx_word' id='word_1_266' title='bbox 2000 2479 2092 2543; x_wconf 89' lang='lat' dir='ltr'><strong>sui</strong></span> <span class='ocrx_word' id='word_1_267' title='bbox 2118 2479 2365 2563; x_wconf 87' lang='lat' dir='ltr'><strong>origine</strong></span> <span class='ocrx_word' id='word_1_268' title='bbox 2386 2504 2470 2548; x_wconf 88' lang='lat' dir='ltr'><strong>ne</strong></span> <span class='ocrx_word' id='word_1_269' title='bbox 2498 2483 2762 2568; x_wconf 88' lang='lat' dir='ltr'><strong>quidem</strong></span> <span class='ocrx_word' id='word_1_270' title='bbox 2881 2548 2889 2551; x_wconf 19' lang='lat' dir='ltr'><strong>i</strong></span> 
     </span>
    </p>
   </div>
   <div class='ocr_carea' id='block_1_5' title="bbox 375 2563 2771 3314">
    <p class='ocr_par' dir='ltr' id='par_1_5' title="bbox 375 2563 2771 3314">
     <span class='ocr_line' id='line_1_29' title="bbox 376 2563 2759 2648; baseline -0 -19"><span class='ocrx_word' id='word_1_271' title='bbox 376 2565 457 2630; x_wconf 88' lang='lat' dir='ltr'><strong>ali</strong></span> <span class='ocrx_word' id='word_1_272' title='bbox 504 2585 596 2628; x_wconf 89' lang='lat' dir='ltr'><strong>uo</strong></span> <span class='ocrx_word' id='word_1_273' title='bbox 632 2563 862 2628; x_wconf 90' lang='lat' dir='ltr'><strong>ordine</strong></span> <span class='ocrx_word' id='word_1_274' title='bbox 883 2564 1180 2630; x_wconf 86' lang='lat' dir='ltr'><strong>Clericali</strong></span> <span class='ocrx_word' id='word_1_275' title='bbox 1214 2577 1395 2628; x_wconf 88' lang='lat' dir='ltr'><strong>erant</strong></span> <span class='ocrx_word' id='word_1_276' title='bbox 1431 2563 1728 2648; x_wconf 73' lang='lat' dir='ltr'><strong>insigniti.</strong></span> <span class='ocrx_word' id='word_1_277' title='bbox 1835 2563 2173 2643; x_wconf 81' lang='lat' dir='ltr'><strong>Praecipue</strong></span> <span class='ocrx_word' id='word_1_278' title='bbox 2197 2575 2410 2627; x_wconf 87' lang='lat' dir='ltr'><strong>autem</strong></span> <span class='ocrx_word' id='word_1_279' title='bbox 2446 2565 2612 2646; x_wconf 90' lang='lat' dir='ltr'><strong>apud</strong></span> <span class='ocrx_word' id='word_1_280' title='bbox 2642 2570 2759 2630; x_wconf 91' lang='lat' dir='ltr'><strong>Be-</strong></span> 
     </span>
     <span class='ocr_line' id='line_1_30' title="bbox 375 2645 2767 2713; baseline 0 -1"><span class='ocrx_word' id='word_1_281' title='bbox 375 2668 460 2712; x_wconf 86' lang='lat' dir='ltr'><strong>ne</strong></span> <span class='ocrx_word' id='word_1_282' title='bbox 508 2647 741 2713; x_wconf 76' lang='lat' dir='ltr'><strong>iffinos</strong></span> <span class='ocrx_word' id='word_1_283' title='bbox 786 2666 923 2711; x_wconf 88' lang='lat' dir='ltr'><strong>non</strong></span> <span class='ocrx_word' id='word_1_284' title='bbox 958 2647 1141 2712; x_wconf 80' lang='lat' dir='ltr'><strong>fuiffe</strong></span> <span class='ocrx_word' id='word_1_285' title='bbox 1184 2650 1473 2713; x_wconf 87' lang='lat' dir='ltr'><strong>Abbates</strong></span> <span class='ocrx_word' id='word_1_286' title='bbox 1524 2647 1755 2711; x_wconf 88' lang='lat' dir='ltr'><strong>ordine</strong></span> <span class='ocrx_word' id='word_1_287' title='bbox 1812 2646 2028 2709; x_wconf 87' lang='lat' dir='ltr'><strong>saltem</strong></span> <span class='ocrx_word' id='word_1_288' title='bbox 2071 2645 2446 2710; x_wconf 85' lang='lat' dir='ltr'><strong>sacerdotali</strong></span> <span class='ocrx_word' id='word_1_289' title='bbox 2481 2647 2767 2713; x_wconf 84' lang='lat' dir='ltr'><strong>initiatos</strong></span> 
     </span>
     <span class='ocr_line' id='line_1_31' title="bbox 375 2727 2762 2815; baseline -0 -20"><span class='ocrx_word' id='word_1_290' title='bbox 375 2733 608 2814; x_wconf 88' lang='lat' dir='ltr'><strong>probat</strong></span> <span class='ocrx_word' id='word_1_291' title='bbox 638 2731 766 2811; x_wconf 86' lang='lat' dir='ltr'><strong>ipsa</strong></span> <span class='ocrx_word' id='word_1_292' title='bbox 801 2738 860 2802; x_wconf 88' lang='lat' dir='ltr'><strong>S.</strong></span> <span class='ocrx_word' id='word_1_293' title='bbox 887 2734 1180 2814; x_wconf 72' lang='lat' dir='ltr'><strong>Regula,</strong></span> <span class='ocrx_word' id='word_1_294' title='bbox 1213 2731 1279 2796; x_wconf 92' lang='lat' dir='ltr'><strong>in</strong></span> <span class='ocrx_word' id='word_1_295' title='bbox 1311 2752 1438 2815; x_wconf 88' lang='lat' dir='ltr'><strong>qua</strong></span> <span class='ocrx_word' id='word_1_296' title='bbox 1465 2730 1893 2796; x_wconf 72' lang='lat' dir='ltr'><strong>Sanstiffimus</strong></span> <span class='ocrx_word' id='word_1_297' title='bbox 1929 2727 2284 2812; x_wconf 85' lang='lat' dir='ltr'><strong>Legislator</strong></span> <span class='ocrx_word' id='word_1_298' title='bbox 2309 2730 2762 2794; x_wconf 80' lang='lat' dir='ltr'><strong>Sacerdotibus</strong></span> 
     </span>
     <span class='ocr_line' id='line_1_32' title="bbox 379 2811 2763 2898; baseline -0 -19"><span class='ocrx_word' id='word_1_299' title='bbox 379 2815 460 2879; x_wconf 88' lang='lat' dir='ltr'><strong>ad</strong></span> <span class='ocrx_word' id='word_1_300' title='bbox 485 2813 986 2879; x_wconf 77' lang='lat' dir='ltr'><strong>conversionem</strong></span> <span class='ocrx_word' id='word_1_301' title='bbox 1009 2814 1421 2879; x_wconf 82' lang='lat' dir='ltr'><strong>venientibus</strong></span> <span class='ocrx_word' id='word_1_302' title='bbox 1459 2814 1739 2897; x_wconf 76' lang='lat' dir='ltr'><strong>primum</strong></span> <span class='ocrx_word' id='word_1_303' title='bbox 1769 2812 1912 2891; x_wconf 87' lang='lat' dir='ltr'><strong>post</strong></span> <span class='ocrx_word' id='word_1_304' title='bbox 1949 2811 2274 2873; x_wconf 81' lang='lat' dir='ltr'><strong>Abbatem</strong></span> <span class='ocrx_word' id='word_1_305' title='bbox 2315 2815 2539 2877; x_wconf 89' lang='lat' dir='ltr'><strong>locum</strong></span> <span class='ocrx_word' id='word_1_306' title='bbox 2589 2813 2763 2898; x_wconf 84' lang='lat' dir='ltr'><strong>affig-</strong></span> 
     </span>
     <span class='ocr_line' id='line_1_33' title="bbox 378 2893 2767 2984; baseline -0.001 -23"><span class='ocrx_word' id='word_1_307' title='bbox 378 2913 487 2962; x_wconf 89' lang='lat' dir='ltr'><strong>nat</strong></span> <span class='ocrx_word' id='word_1_308' title='bbox 514 2897 630 2982; x_wconf 67' lang='lat' dir='ltr'><strong>(b)</strong></span> <span class='ocrx_word' id='word_1_309' title='bbox 677 2896 814 2984; x_wconf 84' lang='lat' dir='ltr'><strong>Jam</strong></span> <span class='ocrx_word' id='word_1_310' title='bbox 844 2898 911 2963; x_wconf 90' lang='lat' dir='ltr'><strong>in</strong></span> <span class='ocrx_word' id='word_1_311' title='bbox 942 2899 1101 2964; x_wconf 85' lang='lat' dir='ltr'><strong>Saec.</strong></span> <span class='ocrx_word' id='word_1_312' title='bbox 1128 2909 1184 2973; x_wconf 79' lang='grc'><strong>5.</strong></span> <span class='ocrx_word' id='word_1_313' title='bbox 1225 2898 1390 2979; x_wconf 90' lang='lat' dir='ltr'><strong>pleri</strong></span> <span class='ocrx_word' id='word_1_314' title='bbox 1437 2917 1522 2962; x_wconf 89' lang='lat' dir='ltr'><strong>ue</strong></span> <span class='ocrx_word' id='word_1_315' title='bbox 1542 2895 1826 2960; x_wconf 88' lang='lat' dir='ltr'><strong>Abbates</strong></span> <span class='ocrx_word' id='word_1_316' title='bbox 1853 2893 2069 2956; x_wconf 85' lang='lat' dir='ltr'><strong>saltem</strong></span> <span class='ocrx_word' id='word_1_317' title='bbox 2104 2894 2170 2956; x_wconf 92' lang='lat' dir='ltr'><strong>in</strong></span> <span class='ocrx_word' id='word_1_318' title='bbox 2205 2896 2477 2960; x_wconf 86' lang='lat' dir='ltr'><strong>Oriente</strong></span> <span class='ocrx_word' id='word_1_319' title='bbox 2493 2897 2767 2981; x_wconf 79' lang='lat' dir='ltr'><strong>Presby-</strong></span> 
     </span>
     <span class='ocr_line' id='line_1_34' title="bbox 383 2976 2766 3059; baseline -0 -15"><span class='ocrx_word' id='word_1_320' title='bbox 383 2993 604 3048; x_wconf 63' lang='lat' dir='ltr'><strong>teratu„</strong></span> <span class='ocrx_word' id='word_1_321' title='bbox 622 2982 1032 3059; x_wconf 83' lang='lat' dir='ltr'><strong>ornabantur.</strong></span> <span class='ocrx_word' id='word_1_322' title='bbox 1117 2983 1195 3045; x_wconf 85' lang='lat' dir='ltr'><strong>ln</strong></span> <span class='ocrx_word' id='word_1_323' title='bbox 1221 2985 1407 3045; x_wconf 87' lang='lat' dir='ltr'><strong>Eccle</strong></span> <span class='ocrx_word' id='word_1_324' title='bbox 1438 3003 1493 3044; x_wconf 82' lang='lat' dir='ltr'><strong>ia</strong></span> <span class='ocrx_word' id='word_1_325' title='bbox 1516 2998 1682 3044; x_wconf 88' lang='lat' dir='ltr'><strong>vero</strong></span> <span class='ocrx_word' id='word_1_326' title='bbox 1734 2976 2140 3041; x_wconf 87' lang='lat' dir='ltr'><strong>Occidentali</strong></span> <span class='ocrx_word' id='word_1_327' title='bbox 2163 2979 2322 3042; x_wconf 87' lang='lat' dir='ltr'><strong>Saec.</strong></span> <span class='ocrx_word' id='word_1_328' title='bbox 2355 2994 2412 3058; x_wconf 84' lang='lat'><strong>7.</strong></span> <span class='ocrx_word' id='word_1_329' title='bbox 2442 2979 2766 3043; x_wconf 89' lang='lat' dir='ltr'><strong>senescen-</strong></span> 
     </span>
     <span class='ocr_line' id='line_1_35' title="bbox 383 3060 2771 3148; baseline -0.001 -20"><span class='ocrx_word' id='word_1_330' title='bbox 383 3075 450 3128; x_wconf 83' lang='lat' dir='ltr'><strong>te</strong></span> <span class='ocrx_word' id='word_1_331' title='bbox 481 3070 725 3130; x_wconf 78' lang='lat' dir='ltr'><strong>multos</strong></span> <span class='ocrx_word' id='word_1_332' title='bbox 761 3064 1050 3128; x_wconf 84' lang='lat' dir='ltr'><strong>Abbates</strong></span> <span class='ocrx_word' id='word_1_333' title='bbox 1089 3062 1274 3128; x_wconf 83' lang='lat' dir='ltr'><strong>fuiffe</strong></span> <span class='ocrx_word' id='word_1_334' title='bbox 1312 3064 1377 3127; x_wconf 87' lang='lat' dir='ltr'><strong>in</strong></span> <span class='ocrx_word' id='word_1_335' title='bbox 1410 3061 1782 3127; x_wconf 82' lang='lat' dir='ltr'><strong>Sacerdotes</strong></span> <span class='ocrx_word' id='word_1_336' title='bbox 1823 3060 2164 3140; x_wconf 80' lang='lat' dir='ltr'><strong>affumptos</strong></span> <span class='ocrx_word' id='word_1_337' title='bbox 2205 3061 2497 3148; x_wconf 82' lang='lat' dir='ltr'><strong>legimuS.</strong></span> <span class='ocrx_word' id='word_1_338' title='bbox 2581 3064 2771 3128; x_wconf 84' lang='lat' dir='ltr'><strong>Atta-</strong></span> 
     </span>
     <span class='ocr_line' id='line_1_36' title="bbox 385 3143 2765 3227; baseline 0 -18"><span class='ocrx_word' id='word_1_339' title='bbox 385 3166 534 3209; x_wconf 90' lang='lat' dir='ltr'><strong>men</strong></span> <span class='ocrx_word' id='word_1_340' title='bbox 564 3147 782 3211; x_wconf 88' lang='lat' dir='ltr'><strong>multis</strong></span> <span class='ocrx_word' id='word_1_341' title='bbox 819 3147 1126 3227; x_wconf 84' lang='lat' dir='ltr'><strong>exemplis</strong></span> <span class='ocrx_word' id='word_1_342' title='bbox 1151 3146 1380 3226; x_wconf 88' lang='lat' dir='ltr'><strong>probat</strong></span> <span class='ocrx_word' id='word_1_343' title='bbox 1407 3143 1823 3210; x_wconf 83' lang='lat' dir='ltr'><strong>Mabillonius</strong></span> <span class='ocrx_word' id='word_1_344' title='bbox 1842 3184 1864 3220; x_wconf 63' lang='lat'>2</span> <span class='ocrx_word' id='word_1_345' title='bbox 1905 3144 2065 3205; x_wconf 83' lang='lat' dir='ltr'><strong>Saec.</strong></span> <span class='ocrx_word' id='word_1_346' title='bbox 2089 3154 2146 3217; x_wconf 83' lang='lat'><strong>8.</strong></span> <span class='ocrx_word' id='word_1_347' title='bbox 2184 3147 2400 3223; x_wconf 88' lang='lat' dir='ltr'><strong>plures</strong></span> <span class='ocrx_word' id='word_1_348' title='bbox 2427 3145 2765 3210; x_wconf 88' lang='lat' dir='ltr'><strong>Diaconos</strong></span> 
     </span>
     <span class='ocr_line' id='line_1_37' title="bbox 385 3225 2763 3314; baseline -0.001 -21"><span class='ocrx_word' id='word_1_349' title='bbox 385 3228 452 3293; x_wconf 91' lang='lat' dir='ltr'><strong>in</strong></span> <span class='ocrx_word' id='word_1_350' title='bbox 470 3228 753 3294; x_wconf 86' lang='lat' dir='ltr'><strong>Abbates</strong></span> <span class='ocrx_word' id='word_1_351' title='bbox 780 3229 963 3294; x_wconf 83' lang='lat' dir='ltr'><strong>fuiffe</strong></span> <span class='ocrx_word' id='word_1_352' title='bbox 1001 3229 1249 3297; x_wconf 63' lang='lat' dir='ltr'><strong>elestos</strong></span> <span class='ocrx_word' id='word_1_353' title='bbox 1268 3229 1380 3314; x_wconf 76' lang='lat' dir='ltr'><strong>(c)</strong></span> <span class='ocrx_word' id='word_1_354' title='bbox 1399 3269 1421 3308; x_wconf 69' lang='lat'>2</span> <span class='ocrx_word' id='word_1_355' title='bbox 1451 3227 1564 3292; x_wconf 90' lang='lat' dir='ltr'><strong>ubi</strong></span> <span class='ocrx_word' id='word_1_356' title='bbox 1587 3225 1771 3290; x_wconf 86' lang='lat' dir='ltr'><strong>simul</strong></span> <span class='ocrx_word' id='word_1_357' title='bbox 1796 3225 2058 3290; x_wconf 84' lang='lat' dir='ltr'><strong>abusum</strong></span> <span class='ocrx_word' id='word_1_358' title='bbox 2083 3246 2164 3289; x_wconf 91' lang='lat' dir='ltr'><strong>eo</strong></span> <span class='ocrx_word' id='word_1_359' title='bbox 2189 3246 2340 3291; x_wconf 86' lang='lat' dir='ltr'><strong>aevo</strong></span> <span class='ocrx_word' id='word_1_360' title='bbox 2370 3228 2763 3294; x_wconf 84' lang='lat' dir='ltr'><strong>invalescen-</strong></span> 
     </span>
    </p>
   </div>
   <div class='ocr_carea' id='block_1_6' title="bbox 2635 3321 2768 3374">
    <p class='ocr_par' dir='ltr' id='par_1_6' title="bbox 2635 3321 2768 3374">
     <span class='ocr_line' id='line_1_38' title="bbox 2635 3321 2768 3374; baseline 0.03 -4"><span class='ocrx_word' id='word_1_361' title='bbox 2635 3321 2768 3374; x_wconf 76' lang='lat' dir='ltr'><strong>tem</strong></span> 
     </span>
    </p>
   </div>
   <div class='ocr_carea' id='block_1_7' title="bbox 360 3416 2772 3699">
    <p class='ocr_par' dir='ltr' id='par_1_7' title="bbox 360 3416 2772 3699">
     <span class='ocr_line' id='line_1_39' title="bbox 360 3416 2353 3483; baseline 0.004 -19"><span class='ocrx_word' id='word_1_362' title='bbox 360 3434 362 3438; x_wconf 56' lang='lat'><strong><em>¹</em></strong></span> <span class='ocrx_word' id='word_1_363' title='bbox 390 3419 464 3480; x_wconf 83' lang='lat' dir='ltr'><strong>(a)</strong></span> <span class='ocrx_word' id='word_1_364' title='bbox 499 3416 667 3466; x_wconf 75' lang='lat' dir='ltr'><strong>Novel.</strong></span> <span class='ocrx_word' id='word_1_365' title='bbox 690 3429 802 3469; x_wconf 74' lang='grc' dir='ltr'><strong>ιιι.</strong></span> <span class='ocrx_word' id='word_1_366' title='bbox 824 3432 1019 3483; x_wconf 70' lang='lat' dir='ltr'><strong>eap.34.</strong></span> <span class='ocrx_word' id='word_1_367' title='bbox 1037 3419 1082 3466; x_wconf 72' lang='lat' dir='ltr'><strong>Ge</strong></span> <span class='ocrx_word' id='word_1_368' title='bbox 1102 3433 1180 3480; x_wconf 82' lang='lat'><strong>35.</strong></span> <span class='ocrx_word' id='word_1_369' title='bbox 2345 3481 2353 3483; x_wconf 22' lang='lat' dir='ltr'><em>s</em></span> 
     </span>
     <span class='ocr_line' id='line_1_40' title="bbox 389 3479 2772 3567; baseline 0.003 -33"><span class='ocrx_word' id='word_1_370' title='bbox 389 3486 483 3556; x_wconf 81' lang='lat' dir='ltr'><strong>(b)</strong></span> <span class='ocrx_word' id='word_1_371' title='bbox 513 3488 687 3544; x_wconf 45' lang='grc' dir='ltr'>ὤκει.</span> <span class='ocrx_word' id='word_1_372' title='bbox 712 3499 810 3542; x_wconf 74' lang='lat' dir='ltr'><strong>cap.</strong></span> <span class='ocrx_word' id='word_1_373' title='bbox 827 3488 911 3534; x_wconf 82' lang='grc' dir='ltr'><strong>6ο.</strong></span> <span class='ocrx_word' id='word_1_374' title='bbox 954 3488 1221 3534; x_wconf 71' lang='lat' dir='ltr'><strong>concedatur</strong></span> <span class='ocrx_word' id='word_1_375' title='bbox 1244 3488 1287 3534; x_wconf 69' lang='lat' dir='ltr'><strong>ei</strong></span> <span class='ocrx_word' id='word_1_376' title='bbox 1307 3483 1406 3545; x_wconf 74' lang='lat' dir='ltr'><strong>post</strong></span> <span class='ocrx_word' id='word_1_377' title='bbox 1430 3480 1647 3532; x_wconf 70' lang='lat' dir='ltr'><strong>Abbaeem</strong></span> <span class='ocrx_word' id='word_1_378' title='bbox 1669 3479 1815 3538; x_wconf 63' lang='lat' dir='ltr'><strong>stan,</strong></span> <span class='ocrx_word' id='word_1_379' title='bbox 1844 3484 1894 3536; x_wconf 66' lang='grc' dir='ltr'><strong>ξς·</strong></span> <span class='ocrx_word' id='word_1_380' title='bbox 1913 3483 2188 3546; x_wconf 69' lang='lat' dir='ltr'><strong>benedicere,</strong></span> <span class='ocrx_word' id='word_1_381' title='bbox 2228 3495 2310 3534; x_wconf 73' lang='lat' dir='ltr'><strong>ant</strong></span> <span class='ocrx_word' id='word_1_382' title='bbox 2337 3483 2497 3552; x_wconf 75' lang='lat' dir='ltr'><strong>Miffas</strong></span> <span class='ocrx_word' id='word_1_383' title='bbox 2532 3504 2711 3560; x_wconf 78' lang='lat' dir='ltr'><strong>unere,</strong></span> <span class='ocrx_word' id='word_1_384' title='bbox 2729 3501 2772 3567; x_wconf 76' lang='lat' dir='ltr'><strong><em>fi</em></strong></span> 
     </span>
     <span class='ocr_line' id='line_1_41' title="bbox 526 3548 2018 3617; baseline 0.003 -19"><span class='ocrx_word' id='word_1_385' title='bbox 526 3552 616 3598; x_wconf 76' lang='lat' dir='ltr'><strong>ule</strong></span> <span class='ocrx_word' id='word_1_386' title='bbox 645 3548 827 3614; x_wconf 63' lang='lat' dir='ltr'><strong>juffirie</strong></span> <span class='ocrx_word' id='word_1_387' title='bbox 850 3550 1018 3599; x_wconf 78' lang='lat' dir='ltr'><strong>Abbaes.</strong></span> <span class='ocrx_word' id='word_1_388' title='bbox 1058 3554 1141 3600; x_wconf 77' lang='lat' dir='ltr'><strong>Sin</strong></span> <span class='ocrx_word' id='word_1_389' title='bbox 1168 3554 1288 3603; x_wconf 70' lang='lat' dir='ltr'><strong>alias</strong></span> <span class='ocrx_word' id='word_1_390' title='bbox 1306 3550 1555 3603; x_wconf 72' lang='lat' dir='ltr'><strong>nullatenus</strong></span> <span class='ocrx_word' id='word_1_391' title='bbox 1586 3550 1747 3615; x_wconf 71' lang='lat' dir='ltr'><strong>altpuae</strong></span> <span class='ocrx_word' id='word_1_392' title='bbox 1761 3551 2018 3617; x_wconf 72' lang='lat' dir='ltr'><strong>praefimmt.</strong></span> 
     </span>
     <span class='ocr_line' id='line_1_42' title="bbox 391 3618 1157 3699; baseline 0.003 -32"><span class='ocrx_word' id='word_1_393' title='bbox 391 3628 468 3699; x_wconf 67' lang='grc' dir='ltr'><strong>(ς)</strong></span> <span class='ocrx_word' id='word_1_394' title='bbox 503 3618 680 3672; x_wconf 72' lang='lat' dir='ltr'><strong>praefm</strong></span> <span class='ocrx_word' id='word_1_395' title='bbox 697 3634 741 3668; x_wconf 79' lang='grc' dir='ltr'><strong>ι.</strong></span> <span class='ocrx_word' id='word_1_396' title='bbox 761 3619 811 3668; x_wconf 83' lang='lat' dir='ltr'><strong>in</strong></span> <span class='ocrx_word' id='word_1_397' title='bbox 838 3620 944 3674; x_wconf 77' lang='lat' dir='ltr'><strong>Saec.</strong></span> <span class='ocrx_word' id='word_1_398' title='bbox 975 3634 1020 3681; x_wconf 87' lang='lat'><strong>3.</strong></span> <span class='ocrx_word' id='word_1_399' title='bbox 1042 3628 1090 3672; x_wconf 76' lang='lat'><strong>5.</strong></span> <span class='ocrx_word' id='word_1_400' title='bbox 1106 3635 1157 3685; x_wconf 83' lang='lat'><strong>7.</strong></span> 
     </span>
    </p>
   </div>
  </div>
 </body>
</html>
