2970 3918
377 230 521 315 2‘26‘
1008 292 1011 295 ,
1213 220 1412 314 Caput
1448 219 1569 293 ΙΙΙ.
1617 223 1688 309 s.
1719 213 1891 295 ΧΗ.

371 400 602 476 gente,
649 386 714 455 ὅτ
747 373 1095 453 Provisore
1135 375 1426 470 ejusdem
1463 371 1778 442 Ecclefiae
1819 368 2064 458 posita,
2110 372 2175 441 ὅτ
2216 363 2786 450 marmori-‘infesta

365 488 475 558 pta
508 472 588 538 de
625 490 721 537 an.
756 475 936 547 1728.
964 501 988 540 9
1029 479 1179 545 quae
1209 463 1300 527 fic
1318 461 1568 550 habet:
2520 476 2524 486 =
2643 476 2647 478 ἡ
2769 476 2776 484 ·

698 590 1050 673 Leopoldo
1090 575 1392 653 Antonio
1432 584 1509 651 L.
1546 588 1621 653 B.
1663 582 1745 649 de
1781 584 2061 651 Firmian
2084 629 2107 668 9
2162 588 2687 672 Archiepiscopo

832 677 895 741 &
938 677 999 739 S.
1034 675 1126 739 R.
1150 677 1199 736 1.
1250 668 1536 750 Principi
1565 669 2018 761 Salisbu1·genfi
2042 711 2067 751 9
2112 673 2177 741 S.
2218 672 2399 752 Sedis
2433 675 2683 761 Legata

819 761 994 827 Nato
1013 796 1038 839 9
1080 777 1160 822 αα
1194 754 1560 826 Germaniae
1602 755 1866 819 Primati
1898 754 2023 822 &c.

1400 929 1478 1033 §.
1527 889 1749 1012 Xln.

487 1095 781 1162 Astenus
817 1092 1125 1160 industn'a
1163 1092 1379 1160 nostra
1414 1093 1745 1159 desudavit
1773 1093 1841 1157 in
1864 1087 2311 1174 vindicandis,
2357 1092 2422 1161 &
2452 1112 2772 1163 exornan-

527 1180 622 1244 dis
649 1177 1097 1265 praerogativis
1131 1178 1447 1246 Ecclesiae
1475 1177 1819 1263 Salisburg.
1895 1175 2033 1263 Jam
2060 1177 2461 1260 videndum,
2488 1200 2772 1265 quomo-

361 1261 451 1347 do
494 1277 634 1328 tum
666 1264 781 1345 ipfi
809 1261 1121 1329 Praesules
1156 1261 1662 1347 salisburgenses
1688 1281 1810 1342 pro
1852 1259 1929 1324 iis
1964 1263 2422 1327 conservandis
2461 1265 2772 1349 vigilave-

358 1347 491 1412 rint
516 1388 539 1426 9
591 1359 733 1412 turn
775 1346 891 1432 ipsi
947 1344 1517 1411 Pontifices-omni
1541 1386 1568 1426 9
1619 1364 1745 1430 qua
1781 1354 2083 1424 poterant
2108 1385 2133 1424 9
2184 1346 2772 1430 circumspestione

359 1433 612 1515 egerint
638 1471 662 1509 9
705 1449 792 1495 ne
821 1430 889 1495 in
916 1428 1340 1509 dispensandis
1377 1428 1729 1512 privilegiis
1753 1425 1899 1507 jura
1928 1428 2241 1493 Ecclefiae
2282 1430 2567 1495 Salisbur
2609 1432 2772 1498 enfis

359 1526 470 1582 aut
503 1514 828 1579 violarent
841 1544 870 1594 9
910 1526 1021 1578 aut
1047 1513 1244 1578 infrin
1289 1524 1509 1591 erent,
1555 1511 1847 1576 occurrit
1866 1510 2156 1592 inprimis
2175 1516 2543 1595 exemplum
2614 1534 2775 1579 ean.

358 1617 452 1662 no
479 1616 628 1683 901.
663 1637 688 1677 9
730 1600 842 1662 vel
881 1597 1101 1678 potius
1139 1599 1242 1679 epi
1302 1598 1406 1660 ola
1446 1593 1899 1659 Theodomari
1922 1594 2426 1678 Archiepiscopi
2462 1597 2770 1666 Salisbur-

363 1681 571 1776 gensis
594 1723 622 1760 9
666 1681 729 1747 &
760 1681 1053 1766 quinque
1081 1680 1218 1760 ejus
1245 1676 1812 1763 Suffraganeorum
1831 1718 1855 1757 9
1903 1698 1976 1742 ac
2019 1678 2382 1760 specialiter
2412 1681 2773 1748 Paffavien-

358 1769 439 1829 iis
474 1763 715 1831 diresta
743 1765 822 1828 ad
851 1764 1171 1852 Joannem
1210 1764 1331 1829 IX.
1353 1805 1377 1844 9
1416 1764 1484 1826 in
1518 1784 1644 1850 qua
1674 1774 2170 1846 conqueruntur
2209 1762 2292 1829 de
2317 1763 2652 1833 crestione
2681 1771 2783 1838 als

359 1849 564 1912 terius
597 1846 1211 1929 Archiepiscopatus
1231 1888 1256 1927 9
1297 1848 1359 1912 &
1392 1847 1593 1913 trium
1615 1846 2098 1927 Episcoporum
2131 1846 2200 1909 in
2238 1847 2424 1912 terris
2454 1850 2768 1919 Schla-vo-

358 1951 510 1997 rum
530 1931 771 2015 absque
788 1931 1047 1995 scientia
1069 1930 1568 2011 Archiepiscopi
1592 1930 1872 1995 Salisbur
1913 1929 2073 1992 ensis
2096 1928 2229 2013 (a).
2307 1929 2525 1995 ·Aliud
2543 1951 2769 2003 exem-.-

356 2018 541 2096 plum
570 2015 759 2079 nobis
789 2015 1150 2097 suppeditat
1186 2014 1510 2077 Hanfitius
1536 2054 1559 2092 9
1604 2011 1759 2076 dum
1784 2030 1855 2074 re
1889 2025 2026 2089 ert,
2066 2013 2250 2095 quod
2295 2013 2451 2078 dum
2488 2015 2765 2084 Carolus

358 2100 486 2163 IV.
535 2109 715 2161 totus
766 2109 1042 2181 quantus
1077 2096 1386 2160 ornandae
1432 2096 1564 2159 suae
1602 2094 1939 2161 Bo'nemiae
1982 2094 2267 2159 intentus
2304 2098 2769 2178 Episcopatum
2814 2147 2820 2158 l
2939 2145 2943 2158 .

357 2181 900 2249 Ratisbonensem
933 2179 1449 2260 Archiepiscopo
1485 2176 1940 2261 Salisburgenfi
1967 2176 2367 2255 subducere,
2403 2179 2465 2243 &
2494 2182 2770 2268 Pragen-

360 2266 412 2330 fi
440 2263 754 2342 subjicere
788 2261 1195 2341 intenderet,
1243 2264 1304 2329 &
1340 2274 1687 2343 propterea
1722 2258 1892 2340 apud
1931 2259 2264 2323 Urbanum
2288 2263 2382 2324 V.
2414 2261 2770 2327 vehemen-

362 2361 464 2412 ter
504 2345 917 2426 sollicitaret2
963 2345 1176 2408 studio
1219 2343 1785 2430 Salisburgenfium
1828 2340 2038 2404 omnis
2081 2352 2353 2406 conatus
2407 2342 2474 2406 in
2513 2343 2767 2413 irritum

361 2430 672 2496 ceciderit
697 2429 836 2514 (b).
920 2429 1243 2498 Memoria
1278 2431 1644 2494 recolamus
1675 2425 2191 2490 controversiam
2226 2426 2394 2488 inter
2424 2427 2768 2511 Archiepi-

358 2515 593 2595 scopos
633 2512 1182 2597 salisburgenses,
1229 2514 1290 2580 &
1331 2511 1688 2595 Episcopos
1731 2506 2132 2574 Patavienses
2183 2520 2353 2573 tanta
2404 2510 2771 2578 animorum

364 2598 793 2663 contentione
820 2617 938 2679 per
974 2608 1075 2659 tot
1114 2597 1505 2661 saeculorum
1539 2594 1843 2660 decursus
1877 2592 2201 2675 agitatam:
2248 2610 2440 2677 quam
2477 2613 2615 2656 non
2647 2597 2775 2658 cir-

366 2679 738 2762 cumspeste
776 2691 1046 2766 egerunt
1077 2681 1434 2746 Pontifices
1454 2721 1477 2758 9
1516 2699 1598 2742 ne
1629 2675 2080 2759 cujuscunque
2100 2674 2245 2754 jura
2276 2675 2599 2740 violarent
2619 2681 2648 2741 ’ἑ
2692 2697 2773 2742 an

363 2785 502 2849 non
543 2764 855 2836 Martinus
896 2765 987 2830 V.
1032 2767 1323 2845 caffavit,
1370 2762 1769 2840 annullavit,
1814 2761 1875 2824 &
1901 2760 2241 2821 revocavit
2264 2761 2477 2823 Bullas
2499 2759 2779 2826 suorum

363 2848 921 2915 Praedecessorum
942 2889 963 2926 9
988 2847 1221 2932 quibus
1237 2846 1611 2914 Paffavienfi
1628 2844 1956 2926 Episcopo
1972 2841 2387 2935 privilegium
2413 2848 2771 2925 exemptio·

364 2933 462 2996 nis
492 2937 527 2995 a
554 2930 1008 3011 jurisdiffione
1042 2930 1598 3013 Archiepiscopali
1646 2927 1770 2991 fuit
1808 2925 2223 2989 concesium?
2260 2934 2479 3010 neque
2504 2927 2632 3008 ipse
2654 2931 2777 2993 Be-

364 3014 663 3080 nediEtus
695 3016 883 3079 XIII.
922 3013 1236 3094 potestate
1281 3016 1387 3078 sua
1419 3010 1736 3077 ordinaria
1771 3008 2270 3074 Paffavienfibus
2298 3008 2633 3092 Episcopis
2663 3032 2771 3075 ex-

368 3099 770 3177 emptionem
799 3097 1169 3162 concedere
1201 3098 1384 3162 ausus
1422 3097 1678 3172 fuerat,
1721 3092 1782 3156 &
1816 3092 1967 3155 ideo
2003 3112 2141 3156 eam
2188 3110 2325 3155 non
2355 3093 2467 3156 nisi
2513 3103 2574 3156 de
2603 3096 2772 3178 pleni-

369 3180 548 3244 tudine
570 3183 833 3261 potestatis
872 3182 1242 3246 conceffiffe
1270 3181 1523 3266 legitur.
1568 3175 1939 3255 Adspiravit
1964 3176 2132 3240 circa
2163 3175 2362 3240 finem
2390 3175 2496 3239 sae-2
2514 3179 2607 3240 uli
2644 3179 2772 3241 ela-

369 3263 462 3343 psi
494 3261 901 3346 Frismgensis
926 3264 1282 3345 Episcopus
1311 3263 1385 3333 ad
1422 3261 1604 3327 Pallii
1637 3259 1860 3338 usum,
1890 3259 2000 3324 sed
2030 3259 2306 3339 destitit,
2352 3279 2553 3342 quum
2589 3258 2708 3324 des
2744 3295 2773 3308 -·

369 3365 486 3427 per
516 3346 1100 3428 Archiepiscopum
1166 3367 1435 3411 oannem
1466 3342 1804 3410 Ernestum
1832 3344 1947 3407 fibi
1966 3342 2519 3408 contradicentem
2548 3362 2774 3422 exper-

366 3443 469 3493 tus
508 3427 699 3510 fuit„
740 3429 1090 3513 Quaerebat
1145 3431 1373 3496 abente
1408 3431 1540 3495 hoc
1571 3427 1810 3508 saeculp
1849 3428 2021 3495 circa
2047 3446 2284 3499 annum
2317 3440 2499 3511 1723.
2532 3423 2772 3591 gehi-

666 3523 669 3528 .
2635 3528 2689 3573 1·

363 3611 440 3675 (ι)
470 3609 605 3671 “Apud
644 3610 796 3658 Lnbab
840 3611 886 3658 &
915 3610 1098 3658 Coss'm.
1135 3613 1277 3664 Tem.
1301 3630 1354 3675 9.
1378 3610 1561 3666 Concil.
1589 3607 1679 3660 fol.
1695 3616 1819 3674 498.

364 3683 446 3745 (q)
489 3678 725 3732 Hanfitius.
748 3680 886 3731 Tom-
911 3694 961 3727 z·
981 3693 1085 3746 1³³ss-
1115 3687 1211 3743 458
