2970 3918
1121 135 1255 210 *De
1285 134 1468 210 Statu
1500 130 1790 228 Ecclefiaei
2554 161 2600 223 7
2607 161 2642 226 3

261 289 520 355 mittere
548 330 571 367 9
609 288 974 354 libertatem
999 286 1416 352 conscientiae
1443 287 1870 368 contemptim
1893 284 2170 366 abjicere
2196 325 2220 366 9
2254 285 2499 371 (ibique
2544 287 2650 367 ju-

259 392 414 457 gum
447 371 953 457 insupportabile
996 370 1336 449 imponere
1365 372 1758 435 voluerint?
1885 372 2041 434 Non
2078 390 2151 434 ex
2192 384 2449 454 praecepto
2495 385 2650 434 natu·

258 458 362 518 mli
390 496 412 533 9
472 475 621 537 quae
668 455 842 521 enim
897 453 1225 515 necessltas
1269 451 1346 515 ad
1389 453 1741 517 colendum
1798 453 2166 534 supremum
2220 453 2479 514 Numen
2535 472 2651 516 co*-

258 538 454 600 eundi
482 538 551 600 in
577 538 970 602 Societatem
1009 535 1200 598 etiam
1235 539 1555 616 aequalem
1584 576 1607 612 9
1651 557 1735 600 ne
1772 535 1978 602 dicam
2018 535 2404 619 inaequalem
2427 575 2449 613 9
2483 540 2649 599 mul-

255 633 329 684 to
366 621 575 683 minus
609 624 887 681 Civitatem
921 615 983 679 δι
1012 614 1444 699 Rempublicam?
1486 638 1689 700 quum
1718 621 1890 682 enim
1915 618 2025 680 Reli
2063 618 2409 680 innaturalis
2438 619 2649 682 confi-

254 703 370 767 stat
405 702 472 763 in
494 701 681 763 cultu
704 698 957 774 divino9
996 697 1142 760 finis
1175 710 1390 760 autem
1412 701 1772 784 Religionis
1790 702 1858 765 in
1882 719 2011 766 con
2038 698 2344 764 ecutione
2372 699 2651 767 beatitu-

258 785 421 847 dinis
467 779 962 862 supernaturalis
993 821 1017 858 9
1065 800 1144 842 an
1192 799 1327 841 non
1361 785 1579 846 cultus
1626 781 1883 848 divinus
1923 783 2224 863 supremo
2271 783 2540 849 Numini
2572 787 2655 852 ab
2747 837 2749 839 -

255 864 520 929 homine
552 875 731 928 extra
760 881 1024 928 omnem
1052 862 1478 941 Societatem9
1520 865 1592 929 in·
1618 867 1862 931 ultimis
1898 877 2091 929 terrae
2126 865 2369 949 angulis
2391 906 2413 943 9
2449 867 2516 930 in
2548 870 2651 932 so-

253 946 632 1012 litudinibus
668 987 692 1027 9
732 948 793 1013 &
826 945 1146 1026 speluncis
1180 944 1489 1009 existente
1522 947 1808 1012 exhiberi
1840 949 2093 1028 potest?
2136 947 2213 1010 ad
2253 949 2411 1031 quid
2442 952 2648 1016 homo

253 1031 498 1115 indiget
528 1030 863 1095 consortio
900 1028 1177 1093 aliorum
1210 1027 1549 1095 hominum
1575 1070 1597 1108 9
1641 1043 1749 1094 aut
1779 1031 2062 1112 Imperio
2105 1028 2646 1114 Gubernantium9

251 1131 327 1178 ut
362 1115 562 1178 finem
591 1112 778 1193 suum
805 1111 1240 1197 consequatur
1273 1109 1622 1176 ultimum?

463 1200 618 1263 Non
669 1215 753 1261 ex
790 1207 1050 1288 praecepto
1070 1196 1247 1258 divino
1275 1193 1599 1274 supposlta
1628 1195 1886 1281 Religione
1911 1194 2180 1260 revelata:
2219 1206 2329 1259 aut
2350 1196 2524 1263 enim
2548 1200 2650 1263 lo-

254 1281 514 1367 quimur
541 1279 624 1343 de
648 1281 792 1364 lege
817 1278 1066 1343 Divma
1094 1277 1163 1341 in
1194 1276 1462 1361 antiquo
1499 1277 1921 1341 Testamento
1950 1317 1972 1355 9
2030 1277 2090 1342 &
2128 1278 2194 1341 in
2231 1301 2313 1345 eo
2353 1281 2652 1347 confide-

248 1384 459 1428 ramus
494 1363 753 1427 Statum.
774 1363 902 1448 legis
934 1370 1135 1424 nature
1162 1404 1181 1434 ,
1224 1359 1321 1423 uti
1342 1372 1583 1426 vocant
1610 1401 1634 1440 9
1678 1378 1887 1442 usque
1915 1358 1994 1423 ad
2022 1363 2186 1448 legem
2209 1367 2502 1448 scriptam9
2538 1369 2650 1431 vel

242 1450 435 1526 „statum
472 1447 600 1539 legis
614 1449 842 1527 scripta<
907 1446 986 1507 In
1010 1442 1218 1523 priori
1254 1443 1418 1508 statu
1461 1463 1598 1508 non
1642 1443 1891 1508 constat
1927 1443 2010 1507 de
2039 1442 2258 1527 aliquo
2311 1462 2648 1529 praecepto

250 1528 537 1594 coeundi
563 1527 631 1590 in
661 1526 1056 1591 Societatem
1082 1566 1107 1604 9
1141 1528 1353 1591 multo
1382 1527 1595 1592 minus
1631 1526 1714 1592 de
1760 1526 2034 1606 imperio
2071 1527 2139 1591 in
2172 1528 2486 1609 quosdam
2522 1535 2661 1597 Im···

253 1624 551 1694 perantes
578 1611 904 1675 translato.
922 1610 1033 1693 (a)
1101 1612 1187 1674 Et
1225 1609 1370 1693 quis
1397 1629 1685 1704 unquam
1709 1610 2050 1681 somniavit
2068 1651 2091 1689 9
2117 1608 2304 1676 fuiffe
2340 1622 2498 1677 tunc
2526 1627 2653 1679 Sta·

248 1709 363 1760 tum
398 1693 699 1779 Reipublicae
729 1694 1067 1779 Ecclefiassicae
1105 1693 1133 1755 ,⁷
1176 1705 1285 1755 aut
1315 1693 1487 1757 enim
1522 1707 1779 1758 interno
1827 1693 2076 1758 lumine
2115 1693 2503 1776 regebantur
2530 1696 2650 1761 ho-

247 1778 454 1842 mines
480 1776 560 1849 ad
592 1777 850 1849 cultum
874 1773 1169 1840 divinum
1194 1775 1633 1849 exhibendum
1659 1817 1684 1854 9
1722 1786 1832 1840 aut
1882 1774 2334 1841 Sacerdotium
2374 1780 2652 1861 conjun-

250 1859 429 1927 stum
465 1871 781 1925 eran-cum
806 1875 1076 1928 munere
1104 1870 1375 1935 paterno
1419 1859 1481 1924 &
1523 1858 2042 1938 patrumfamilias
2071 1898 2095 1936 9
2138 1859 2223 1922 ita
2250 1870 2326 1924 ut
2360 1861 2521 1926 ritus
2558 1865 2650 1928 sa-

248 1943 590 2010 erificandi-
665 1937 1112 2014 uodammodo
1148 1938 1349 2005 fuerit
1385 1939 1749 2006 arbitrarius
1782 1980 1808 2019 9
1855 1938 1917 2006 &
1939 1941 2043 2021 jus
2077 1942 2262 2006 illum
2298 1947 2646 2012 exercendi

248 2029 315 2092 in
344 2026 614 2092 naturali
693 2022 988 2088 ominum
1007 2022 1304 2089 libertate
1332 2023 1595 2089 relistus
1613 2063 1635 2102 9
1657 2022 1762 2103 jus
1794 2036 2010 2088 autem
2030 2024 2410 2103 disponendi
2439 2029 2519 2093 de
2547 2034 2649 2094 lo-

243 2132 329 2177 co
364 2112 427 2177 &
448 2122 748 2190 tempore
775 2104 1293 2190 peragendorum
1317 2105 1783 2174 sacrificiorum
1811 2124 2011 2187 penes
2031 2107 2515 2176 Patresfamilias
2547 2135 2647 2180 re-

242 2193 481 2259 sederit
506 2234 531 2272 9
588 2203 783 2274 atque
823 2188 987 2253 adeo
1030 2190 1513 2256 Patresfamilias
1547 2198 1715 2255 Sacra
1757 2190 1892 2256 fine
1929 2191 2205 2272 imperio
2250 2193 2648 2276 gubernave-

247 2281 401 2343 rint.
465 2279 544 2339 In
575 2274 743 2336 statu
763 2272 894 2357 legis
933 2275 1131 2351 scripte
1156 2319 1176 2348 ,
1214 2293 1413 2357 quem
1453 2273 1689 2341 DEUS
1719 2273 2016 2357 singulari
2063 2273 2474 2355 providentia
2511 2279 2663 2346 for-1

245 2359 445 2427 mavit
462 2405 481 2432 ‚
515 2357 578 2422 δῖ,
598 2349 1043 2436 peculiaribus·
1060 2355 1310 2439 legibus
1323 2354 1752 2502 Reggionem
1772 2356 2321 2422 concernentibus
2350 2379 2645 2429 commu-

247 2442 412 2509 nivit
435 2481 459 2519 9
489 2451 569 2511 rut
597 2435 674 2502 ad
700 2434 1051 2499 adventum
1078 2456 1287 2523 usque
1322 2440 1436 2503 Me
1491 2455 1570 2501 1ae
1598 2436 1977 2519 perduraret
2009 2477 2032 2515 9
2082 2440 2347 2523 Religio
2381 2443 2444 2506 δε
2476 2447 2643 2510 Res-

244 2524 506 2609 publica
537 2518 955 2586 indiffolubili
984 2538 1157 2584 nexu
1182 2521 1505 2606 colligatae
1533 2531 1712 2586 erant
1735 2562 1760 2599 9
1802 2521 1888 2583 ita
1922 2531 1997 2584 ut
2028 2521 2236 2586 Status
2276 2525 2640 2610 Religioni9

216 2611 310 2687 ,δι
342 2605 605 2690 Religio
632 2600 838 2669 Statui
865 2601 1020 2665 css'et
1055 2602 1286 2669 innexa
1308 2643 1333 2684 9
1366 2604 1430 2670 &
1466 2622 1590 2669 nec
1614 2623 1743 2669 una
1764 2622 1890 2667 nec
1922 2606 2116 2667 altera
2139 2603 2272 2669 fine
2305 2606 2435 2672 hoc
2470 2630 2642 2678 nexu

242 2689 574 2758 sublistere
601 2685 847 2769 poss'et9
893 2685 956 2750 &
986 2686 1115 2753 hoc
1141 2689 1277 2770 ipso
1313 2689 1532 2753 nullus
1561 2689 1770 2754 Status
1790 2687 2101 2752 Ecclesiae
2122 2690 2430 2768 peculiari
2458 2697 2491 2756 a
2509 2697 2644 2759 Sta-

243 2789 321 2840 tu
347 2771 759 2853 Reipublicae
798 2765 1131 2836 diffinitus
1175 2771 1394 2837 fuerit.
1430 2769 1548 2856 (b)
1656 2773 1733 2835 In
1771 2771 1904 2835 hoc
1951 2782 2167 2834 autem
2214 2771 2376 2837 statu
2426 2780 2644 2844 nullus

244 2871 382 2924 erat
418 2857 608 2920 locus
641 2851 956 2932 imperio9
998 2873 1214 2938 neque
1244 2857 1416 2921 enim
1455 2865 1564 2919 aut
1596 2857 1811 2939 Reges
1842 2854 1910 2918 in
1940 2854 2107 2917 sacra
2132 2895 2156 2932 9
2198 2867 2304 2918 aut
2331 2857 2638 2942 Sacerdo-

241 2956 338 3007 tes
366 2940 436 3004 in
472 2942 864 3018 Imperantes
913 2937 1297 3019 potestatem
1333 2938 1588 3020 imperii
1613 2939 2039 3002 exercebant:
2084 2936 2276 3002 unice
2300 2946 2639 3025 praeceptis

245 3022 482 3090 divinis
508 3016 961 3085 inhaerendum
981 3034 1136 3088 erat.
1225 3025 1396 3089 Cura
1425 3024 1770 3087 Sacrorum
1796 3031 1995 3085 certae
2034 3019 2231 3084 tribui
2265 3036 2399 3087 erat
2432 3029 2644 3113 alliga-

241 3123 328 3175 ta.
414 3104 591 3171 Huic
615 3103 683 3167 in
708 3099 947 3170 sortem
980 3118 1222 3188 praeter
1263 3106 1544 3255 ᾶεοίιέειε
1574 3103 1636 3170 &
1668 3104 2023 3168 oblationes
2063 3102 2224 3169 nihil
2267 3104 2466 3177 DEO
2505 3106 2641 3179 affi-

2535 3218 2574 3259 n
2613 3236 2642 3247 ..

241 3271 328 3343 (a)
363 3270 434 3323 Sic
460 3270 575 3323 Abel
605 3272 655 3322 δε
681 3270 796 3322 Cain
825 3303 841 3330 ,
873 3269 1106 3340 postquam
1123 3277 1212 3333 iam
1249 3274 1272 3324 ἑ
1297 3274 1465 3324 familia
1493 3272 1769 3323 exeefl‘emm
1793 3303 1810 3332 ‚
1833 3274 1965 3323 ΠΕΟ
1990 3271 2284 3324 sacrificarunt
2311 3275 2471 3326 Gener.
2491 3213 2542 3340 ἕ.
2579 3220 2639 3333 ἒς

275 3386 278 3387 γ
372 3339 596 3392 Abraham
630 3339 707 3388 fibi
745 3339 984 3391 vindicavit
1019 3343 1152 3394 titum
1196 3341 1543 3395 circumitionis
1571 3341 1620 3391 ln
1646 3339 1818 3391 familia
1859 3340 2016 3401 Genes.
2037 3357 2113 3400 ¹7·
2145 3341 2252 3392 vers.
2288 3359 2374 3397 κο.
2405 3343 2463 3394 fic
2492 3352 2638 3410 Jacob

375 3406 713 3526 {affitfamilia
737 3406 934 3458 abolevi·
967 3407 1088 3461 idol·
1112 3442 1129 3473 ,
1165 3415 1210 3464 ac
1231 3411 1387 3482 pafflm
1416 3425 1492 3481 per
1525 3407 1863 3477 patuufinssin
1882 3423 2046 3479 munus
2063 3406 2333 3483 sactificmdi
2355 3411 2638 3471 administra·

237 3543 312 3612 (b)
345 3542 652 3599 rufendorfia·
677 3541 742 3612 de·
757 3541 878 3597 Hab.
900 3540 1045 3613 Relig.
1074 3555 1117 3605 ς.
1136 3564 1192 3616 9,
