<?xml version="1.0" encoding="UTF-8"?>
<!DOCTYPE html PUBLIC "-//W3C//DTD XHTML 1.0 Transitional//EN"
    "http://www.w3.org/TR/xhtml1/DTD/xhtml1-transitional.dtd">
<html xmlns="http://www.w3.org/1999/xhtml" xml:lang="en" lang="en">
 <head>
  <title>
</title>
<meta http-equiv="Content-Type" content="text/html;charset=utf-8" />
  <meta name='ocr-system' content='tesseract 3.04.00' />
  <meta name='ocr-capabilities' content='ocr_page ocr_carea ocr_par ocr_line ocrx_word'/>
</head>
<body>
  <div class='ocr_page' id='page_1' title='image "./destatuecclesiae00zalluoft_0185.png"; bbox 0 0 2970 3918; ppageno 0'>
   <div class='ocr_carea' id='block_1_1' title="bbox 923 181 2595 280">
    <p class='ocr_par' dir='ltr' id='par_1_1' title="bbox 923 181 2595 280">
     <span class='ocr_line' id='line_1_1' title="bbox 923 181 2595 280; baseline -0.001 -16"><span class='ocrx_word' id='word_1_1' title='bbox 923 189 1037 264; x_wconf 89' lang='lat' dir='ltr'>De</span> <span class='ocrx_word' id='word_1_2' title='bbox 1068 184 1455 262; x_wconf 68' lang='grc' dir='ltr'>Ηίεήινεὸἰα</span> <span class='ocrx_word' id='word_1_3' title='bbox 1487 181 1909 280; x_wconf 72' lang='lat' dir='ltr'>Ecclefiasticae.</span> <span class='ocrx_word' id='word_1_4' title='bbox 2466 200 2493 252; x_wconf 85' lang='lat'>1</span> <span class='ocrx_word' id='word_1_5' title='bbox 2508 187 2595 262; x_wconf 81' lang='lat'>65</span> 
     </span>
    </p>
   </div>
   <div class='ocr_carea' id='block_1_2' title="bbox 217 329 2684 3546">
    <p class='ocr_par' dir='ltr' id='par_1_2' title="bbox 217 329 2684 3546">
     <span class='ocr_line' id='line_1_2' title="bbox 224 329 2606 426; baseline -0.004 -24"><span class='ocrx_word' id='word_1_6' title='bbox 224 350 556 404; x_wconf 77' lang='lat' dir='ltr'>nerentur.</span> <span class='ocrx_word' id='word_1_7' title='bbox 582 339 692 424; x_wconf 82' lang='lat' dir='ltr'>(a)</span> <span class='ocrx_word' id='word_1_8' title='bbox 782 342 1150 405; x_wconf 82' lang='lat' dir='ltr'>Exercuere</span> <span class='ocrx_word' id='word_1_9' title='bbox 1177 339 1482 422; x_wconf 88' lang='lat' dir='ltr'>Episcopi</span> <span class='ocrx_word' id='word_1_10' title='bbox 1508 341 1651 404; x_wconf 79' lang='lat' dir='ltr'>haec</span> <span class='ocrx_word' id='word_1_11' title='bbox 1680 335 1923 419; x_wconf 81' lang='lat' dir='ltr'>judicia</span> <span class='ocrx_word' id='word_1_12' title='bbox 1944 350 2065 416; x_wconf 84' lang='lat' dir='ltr'>per</span> <span class='ocrx_word' id='word_1_13' title='bbox 2089 329 2364 426; x_wconf 74' lang='lat' dir='ltr'>plurima</span> <span class='ocrx_word' id='word_1_14' title='bbox 2388 329 2606 394; x_wconf 63' lang='lat' dir='ltr'>Saecu‘-</span> 
     </span>
     <span class='ocr_line' id='line_1_3' title="bbox 226 413 2604 508; baseline -0.004 -25"><span class='ocrx_word' id='word_1_15' title='bbox 226 427 285 484; x_wconf 85' lang='lat' dir='ltr'>la</span> <span class='ocrx_word' id='word_1_16' title='bbox 317 421 395 485; x_wconf 85' lang='lat' dir='ltr'>ad</span> <span class='ocrx_word' id='word_1_17' title='bbox 428 424 589 486; x_wconf 85' lang='lat' dir='ltr'>Saec.</span> <span class='ocrx_word' id='word_1_18' title='bbox 619 442 826 508; x_wconf 88' lang='lat' dir='ltr'>usque</span> <span class='ocrx_word' id='word_1_19' title='bbox 852 442 950 484; x_wconf 91' lang='lat'>10.</span> <span class='ocrx_word' id='word_1_20' title='bbox 965 423 1083 484; x_wconf 79' lang='lat' dir='ltr'>vel</span> <span class='ocrx_word' id='word_1_21' title='bbox 1111 441 1206 485; x_wconf 90' lang='lat'>11.</span> <span class='ocrx_word' id='word_1_22' title='bbox 1238 421 1451 486; x_wconf 87' lang='lat' dir='ltr'>donec</span> <span class='ocrx_word' id='word_1_23' title='bbox 1477 423 1588 487; x_wconf 85' lang='lat' dir='ltr'>sua</span> <span class='ocrx_word' id='word_1_24' title='bbox 1614 419 1861 503; x_wconf 84' lang='lat' dir='ltr'>judicia</span> <span class='ocrx_word' id='word_1_25' title='bbox 1887 437 2044 483; x_wconf 89' lang='lat' dir='ltr'>cum</span> <span class='ocrx_word' id='word_1_26' title='bbox 2084 413 2604 497; x_wconf 79' lang='lat' dir='ltr'>strepitu-foren-</span> 
     </span>
     <span class='ocr_line' id='line_1_4' title="bbox 217 494 2599 589; baseline -0.004 -22"><span class='ocrx_word' id='word_1_27' title='bbox 217 504 264 585; x_wconf 65' lang='lat' dir='ltr'>si</span> <span class='ocrx_word' id='word_1_28' title='bbox 294 504 473 583; x_wconf 82' lang='lat' dir='ltr'>juxta</span> <span class='ocrx_word' id='word_1_29' title='bbox 519 522 807 567; x_wconf 85' lang='lat' dir='ltr'>normam</span> <span class='ocrx_word' id='word_1_30' title='bbox 837 502 1001 583; x_wconf 87' lang='lat' dir='ltr'>juris</span> <span class='ocrx_word' id='word_1_31' title='bbox 1037 502 1249 566; x_wconf 85' lang='lat' dir='ltr'>civilis</span> <span class='ocrx_word' id='word_1_32' title='bbox 1289 523 1596 570; x_wconf 83' lang='lat' dir='ltr'>exercere</span> <span class='ocrx_word' id='word_1_33' title='bbox 1624 515 1967 586; x_wconf 82' lang='lat' dir='ltr'>coeperunt</span> <span class='ocrx_word' id='word_1_34' title='bbox 1991 541 2014 580; x_wconf 64' lang='lat'>2</span> <span class='ocrx_word' id='word_1_35' title='bbox 2083 518 2176 564; x_wconf 91' lang='lat' dir='ltr'>uo</span> <span class='ocrx_word' id='word_1_36' title='bbox 2207 496 2450 583; x_wconf 59' lang='lat' dir='ltr'>fafitum</span> <span class='ocrx_word' id='word_1_37' title='bbox 2481 494 2599 589; x_wconf 59' lang='lat' dir='ltr'>eit„</span> 
     </span>
     <span class='ocr_line' id='line_1_5' title="bbox 221 579 2602 670; baseline -0.003 -21"><span class='ocrx_word' id='word_1_38' title='bbox 221 598 298 649; x_wconf 89' lang='lat' dir='ltr'>ut</span> <span class='ocrx_word' id='word_1_39' title='bbox 327 588 441 649; x_wconf 88' lang='lat' dir='ltr'>hac</span> <span class='ocrx_word' id='word_1_40' title='bbox 465 585 571 648; x_wconf 87' lang='lat' dir='ltr'>sua</span> <span class='ocrx_word' id='word_1_41' title='bbox 588 583 1041 665; x_wconf 74' lang='lat' dir='ltr'>juri&#39;sdiffione</span> <span class='ocrx_word' id='word_1_42' title='bbox 1065 585 1459 654; x_wconf 84' lang='lat' dir='ltr'>exciderent.</span> <span class='ocrx_word' id='word_1_43' title='bbox 1492 586 1609 670; x_wconf 80' lang='lat' dir='ltr'>(b)</span> <span class='ocrx_word' id='word_1_44' title='bbox 1711 588 1804 651; x_wconf 87' lang='lat' dir='ltr'>Ut</span> <span class='ocrx_word' id='word_1_45' title='bbox 1836 583 1997 650; x_wconf 86' lang='lat' dir='ltr'>nihil</span> <span class='ocrx_word' id='word_1_46' title='bbox 2081 582 2322 648; x_wconf 88' lang='lat' dir='ltr'>icamus</span> <span class='ocrx_word' id='word_1_47' title='bbox 2351 579 2436 665; x_wconf 71' lang='lat' dir='ltr'>cie</span> <span class='ocrx_word' id='word_1_48' title='bbox 2468 582 2602 642; x_wconf 80' lang='lat' dir='ltr'>alus</span> 
     </span>
     <span class='ocr_line' id='line_1_6' title="bbox 220 661 2601 759; baseline -0.003 -29"><span class='ocrx_word' id='word_1_49' title='bbox 220 667 480 754; x_wconf 86' lang='lat' dir='ltr'>Juribus</span> <span class='ocrx_word' id='word_1_50' title='bbox 514 707 539 745; x_wconf 80' lang='grc'>,</span> <span class='ocrx_word' id='word_1_51' title='bbox 585 667 816 759; x_wconf 86' lang='lat' dir='ltr'>quibus</span> <span class='ocrx_word' id='word_1_52' title='bbox 847 686 966 746; x_wconf 87' lang='lat' dir='ltr'>per</span> <span class='ocrx_word' id='word_1_53' title='bbox 1011 667 1365 731; x_wconf 89' lang='lat' dir='ltr'>Pontifices</span> <span class='ocrx_word' id='word_1_54' title='bbox 1406 710 1430 747; x_wconf 68' lang='lat' dir='ltr'>a</span> <span class='ocrx_word' id='word_1_55' title='bbox 1483 688 1850 753; x_wconf 82' lang='lat' dir='ltr'>eorumque</span> <span class='ocrx_word' id='word_1_56' title='bbox 1889 665 2352 731; x_wconf 85' lang='lat' dir='ltr'>reservationes</span> <span class='ocrx_word' id='word_1_57' title='bbox 2390 661 2601 727; x_wconf 81' lang='lat' dir='ltr'>causas</span> 
     </span>
     <span class='ocr_line' id='line_1_7' title="bbox 220 747 1647 827; baseline 0.003 -16"><span class='ocrx_word' id='word_1_58' title='bbox 220 748 490 827; x_wconf 86' lang='lat' dir='ltr'>majores</span> <span class='ocrx_word' id='word_1_59' title='bbox 522 747 633 827; x_wconf 78' lang='lat' dir='ltr'>sibi</span> <span class='ocrx_word' id='word_1_60' title='bbox 662 748 1121 812; x_wconf 85' lang='lat' dir='ltr'>reservantium</span> <span class='ocrx_word' id='word_1_61' title='bbox 1157 748 1423 813; x_wconf 88' lang='lat' dir='ltr'>fuerunt</span> <span class='ocrx_word' id='word_1_62' title='bbox 1450 752 1647 815; x_wconf 82' lang='lat' dir='ltr'>exuti.</span> 
     </span>
     <span class='ocr_line' id='line_1_8' title="bbox 388 829 2606 912; baseline -0.001 -21"><span class='ocrx_word' id='word_1_63' title='bbox 388 830 714 897; x_wconf 66' lang='lat' dir='ltr'>Haaenus</span> <span class='ocrx_word' id='word_1_64' title='bbox 739 829 820 894; x_wconf 89' lang='lat' dir='ltr'>de</span> <span class='ocrx_word' id='word_1_65' title='bbox 844 830 1175 912; x_wconf 88' lang='lat' dir='ltr'>Episcopis</span> <span class='ocrx_word' id='word_1_66' title='bbox 1205 832 1576 898; x_wconf 78' lang='lat' dir='ltr'><strong>Catholicis.</strong></span> <span class='ocrx_word' id='word_1_67' title='bbox 1678 836 1888 897; x_wconf 83' lang='lat' dir='ltr'>Pauca</span> <span class='ocrx_word' id='word_1_68' title='bbox 1912 829 1992 895; x_wconf 91' lang='lat' dir='ltr'>de</span> <span class='ocrx_word' id='word_1_69' title='bbox 2013 829 2345 911; x_wconf 88' lang='lat' dir='ltr'>Episcopis</span> <span class='ocrx_word' id='word_1_70' title='bbox 2375 831 2606 892; x_wconf 85' lang='lat' dir='ltr'>Prote-</span> 
     </span>
     <span class='ocr_line' id='line_1_9' title="bbox 218 909 2608 995; baseline -0.001 -19"><span class='ocrx_word' id='word_1_71' title='bbox 218 910 495 977; x_wconf 85' lang='lat' dir='ltr'>stanticis</span> <span class='ocrx_word' id='word_1_72' title='bbox 542 912 815 978; x_wconf 88' lang='lat' dir='ltr'>dicenda</span> <span class='ocrx_word' id='word_1_73' title='bbox 841 913 1196 994; x_wconf 86' lang='lat' dir='ltr'><strong>supersunt.</strong></span> <span class='ocrx_word' id='word_1_74' title='bbox 1294 914 1494 981; x_wconf 87' lang='lat' dir='ltr'>Adeo</span> <span class='ocrx_word' id='word_1_75' title='bbox 1524 915 1744 980; x_wconf 86' lang='lat' dir='ltr'>odiosa</span> <span class='ocrx_word' id='word_1_76' title='bbox 1768 927 1903 979; x_wconf 83' lang='lat' dir='ltr'>erat</span> <span class='ocrx_word' id='word_1_77' title='bbox 1936 912 2438 978; x_wconf 87' lang='lat' dir='ltr'>Protestantibus</span> <span class='ocrx_word' id='word_1_78' title='bbox 2472 909 2608 995; x_wconf 79' lang='lat' dir='ltr'>dig-</span> 
     </span>
     <span class='ocr_line' id='line_1_10' title="bbox 221 993 2611 1080; baseline 0 -23"><span class='ocrx_word' id='word_1_79' title='bbox 221 995 381 1072; x_wconf 84' lang='lat' dir='ltr'>nitas</span> <span class='ocrx_word' id='word_1_80' title='bbox 409 995 799 1078; x_wconf 88' lang='lat' dir='ltr'>Episcopalis</span> <span class='ocrx_word' id='word_1_81' title='bbox 825 1036 850 1075; x_wconf 63' lang='lat'>2</span> <span class='ocrx_word' id='word_1_82' title='bbox 874 1008 949 1060; x_wconf 91' lang='lat' dir='ltr'>ut</span> <span class='ocrx_word' id='word_1_83' title='bbox 965 1014 1050 1059; x_wconf 88' lang='lat' dir='ltr'>ne</span> <span class='ocrx_word' id='word_1_84' title='bbox 1074 993 1338 1080; x_wconf 90' lang='lat' dir='ltr'>quidem</span> <span class='ocrx_word' id='word_1_85' title='bbox 1357 996 1563 1078; x_wconf 84' lang='lat' dir='ltr'>ipsum</span> <span class='ocrx_word' id='word_1_86' title='bbox 1594 1017 1834 1062; x_wconf 87' lang='lat' dir='ltr'>nomen</span> <span class='ocrx_word' id='word_1_87' title='bbox 1860 996 2162 1078; x_wconf 87' lang='lat' dir='ltr'>Episcopi</span> <span class='ocrx_word' id='word_1_88' title='bbox 2184 997 2253 1060; x_wconf 89' lang='lat' dir='ltr'>in</span> <span class='ocrx_word' id='word_1_89' title='bbox 2283 997 2611 1079; x_wconf 85' lang='lat' dir='ltr'>plerisque</span> 
     </span>
     <span class='ocr_line' id='line_1_11' title="bbox 217 1078 2609 1161; baseline -0 -21"><span class='ocrx_word' id='word_1_90' title='bbox 217 1078 382 1141; x_wconf 91' lang='lat' dir='ltr'>locis</span> <span class='ocrx_word' id='word_1_91' title='bbox 410 1080 717 1157; x_wconf 70' lang='lat' dir='ltr'>retinere,</span> <span class='ocrx_word' id='word_1_92' title='bbox 743 1078 850 1143; x_wconf 89' lang='lat' dir='ltr'>sed</span> <span class='ocrx_word' id='word_1_93' title='bbox 866 1078 1123 1161; x_wconf 85' lang='lat' dir='ltr'>prorsus</span> <span class='ocrx_word' id='word_1_94' title='bbox 1147 1081 1549 1160; x_wconf 65' lang='lat' dir='ltr'>expunfitum</span> <span class='ocrx_word' id='word_1_95' title='bbox 1569 1080 1630 1145; x_wconf 83' lang='lat'>&amp;</span> <span class='ocrx_word' id='word_1_96' title='bbox 1654 1081 1909 1161; x_wconf 88' lang='lat' dir='ltr'>penitus</span> <span class='ocrx_word' id='word_1_97' title='bbox 1931 1079 2218 1143; x_wconf 84' lang='lat' dir='ltr'>deletum</span> <span class='ocrx_word' id='word_1_98' title='bbox 2243 1078 2609 1152; x_wconf 71' lang='lat' dir='ltr'>voluerint,</span> 
     </span>
     <span class='ocr_line' id='line_1_12' title="bbox 221 1159 2609 1248; baseline -0.002 -23"><span class='ocrx_word' id='word_1_99' title='bbox 221 1161 283 1225; x_wconf 88' lang='lat'>&amp;</span> <span class='ocrx_word' id='word_1_100' title='bbox 324 1159 474 1224; x_wconf 90' lang='lat' dir='ltr'>hinc</span> <span class='ocrx_word' id='word_1_101' title='bbox 502 1161 716 1242; x_wconf 81' lang='lat' dir='ltr'>passim</span> <span class='ocrx_word' id='word_1_102' title='bbox 738 1161 887 1226; x_wconf 87' lang='lat' dir='ltr'>illos</span> <span class='ocrx_word' id='word_1_103' title='bbox 905 1203 929 1240; x_wconf 75' lang='lat'>‚</span> <span class='ocrx_word' id='word_1_104' title='bbox 957 1182 1125 1247; x_wconf 89' lang='lat' dir='ltr'>quos</span> <span class='ocrx_word' id='word_1_105' title='bbox 1157 1161 1336 1226; x_wconf 89' lang='lat' dir='ltr'>vices</span> <span class='ocrx_word' id='word_1_106' title='bbox 1373 1163 1679 1248; x_wconf 88' lang='lat' dir='ltr'>Episcopi</span> <span class='ocrx_word' id='word_1_107' title='bbox 1703 1164 1771 1226; x_wconf 89' lang='lat' dir='ltr'>in</span> <span class='ocrx_word' id='word_1_108' title='bbox 1799 1163 1922 1227; x_wconf 87' lang='lat' dir='ltr'>suis</span> <span class='ocrx_word' id='word_1_109' title='bbox 1952 1162 2254 1226; x_wconf 83' lang='lat' dir='ltr'>Ecclefiis</span> <span class='ocrx_word' id='word_1_110' title='bbox 2290 1160 2500 1228; x_wconf 85' lang='lat' dir='ltr'>subire</span> <span class='ocrx_word' id='word_1_111' title='bbox 2521 1159 2609 1222; x_wconf 87' lang='lat' dir='ltr'>as-</span> 
     </span>
     <span class='ocr_line' id='line_1_13' title="bbox 227 1242 2611 1336; baseline -0.001 -29"><span class='ocrx_word' id='word_1_112' title='bbox 227 1242 444 1307; x_wconf 76' lang='lat' dir='ltr'>serunt</span> <span class='ocrx_word' id='word_1_113' title='bbox 471 1285 495 1322; x_wconf 60' lang='lat'>3</span> <span class='ocrx_word' id='word_1_114' title='bbox 531 1263 772 1307; x_wconf 86' lang='lat' dir='ltr'>vocare</span> <span class='ocrx_word' id='word_1_115' title='bbox 814 1245 1025 1309; x_wconf 87' lang='lat' dir='ltr'>solent</span> <span class='ocrx_word' id='word_1_116' title='bbox 1051 1249 1554 1336; x_wconf 72' lang='lat' dir='ltr'>Superintendentes,</span> <span class='ocrx_word' id='word_1_117' title='bbox 1597 1246 1896 1328; x_wconf 62' lang='lat' dir='ltr'>Inspeffores</span> <span class='ocrx_word' id='word_1_118' title='bbox 1908 1271 1933 1318; x_wconf 60' lang='grc' dir='ltr'><em>ς</em></span> <span class='ocrx_word' id='word_1_119' title='bbox 1970 1250 2278 1327; x_wconf 70' lang='lat' dir='ltr'>Praepojitos.</span> <span class='ocrx_word' id='word_1_120' title='bbox 2366 1248 2443 1309; x_wconf 91' lang='lat' dir='ltr'>In</span> <span class='ocrx_word' id='word_1_121' title='bbox 2468 1243 2611 1326; x_wconf 83' lang='lat' dir='ltr'>qui-</span> 
     </span>
     <span class='ocr_line' id='line_1_14' title="bbox 232 1324 2613 1413; baseline -0 -25"><span class='ocrx_word' id='word_1_122' title='bbox 232 1324 497 1402; x_wconf 78' lang='lat' dir='ltr'>busdam</span> <span class='ocrx_word' id='word_1_123' title='bbox 520 1339 734 1390; x_wconf 89' lang='lat' dir='ltr'>tamen</span> <span class='ocrx_word' id='word_1_124' title='bbox 768 1329 1012 1413; x_wconf 82' lang='lat' dir='ltr'>Regnis</span> <span class='ocrx_word' id='word_1_125' title='bbox 1046 1339 1146 1391; x_wconf 80' lang='lat' dir='ltr'>uti</span> <span class='ocrx_word' id='word_1_126' title='bbox 1171 1326 1238 1390; x_wconf 89' lang='lat' dir='ltr'>in</span> <span class='ocrx_word' id='word_1_127' title='bbox 1256 1329 1488 1394; x_wconf 84' lang='lat' dir='ltr'>Suecia</span> <span class='ocrx_word' id='word_1_128' title='bbox 1513 1330 1582 1396; x_wconf 73' lang='grc' dir='ltr'>’δι</span> <span class='ocrx_word' id='word_1_129' title='bbox 1610 1327 1821 1392; x_wconf 84' lang='lat' dir='ltr'>Dania</span> <span class='ocrx_word' id='word_1_130' title='bbox 1844 1345 2087 1389; x_wconf 86' lang='lat' dir='ltr'>nomen</span> <span class='ocrx_word' id='word_1_131' title='bbox 2122 1327 2427 1407; x_wconf 87' lang='lat' dir='ltr'>Episcopi</span> <span class='ocrx_word' id='word_1_132' title='bbox 2456 1325 2613 1389; x_wconf 83' lang='lat' dir='ltr'>reti-</span> 
     </span>
     <span class='ocr_line' id='line_1_15' title="bbox 228 1408 2684 1494; baseline 0.001 -24"><span class='ocrx_word' id='word_1_133' title='bbox 228 1420 529 1473; x_wconf 84' lang='lat' dir='ltr'>nuerunt.</span> <span class='ocrx_word' id='word_1_134' title='bbox 638 1414 804 1474; x_wconf 86' lang='lat' dir='ltr'><strong>Item</strong></span> <span class='ocrx_word' id='word_1_135' title='bbox 851 1409 1155 1494; x_wconf 85' lang='lat' dir='ltr'>Episcopi</span> <span class='ocrx_word' id='word_1_136' title='bbox 1204 1427 1531 1492; x_wconf 82' lang='lat' dir='ltr'>vocantur</span> <span class='ocrx_word' id='word_1_137' title='bbox 1578 1409 1967 1476; x_wconf 80' lang='lat' dir='ltr'>Lubecensis</span> <span class='ocrx_word' id='word_1_138' title='bbox 2000 1449 2023 1487; x_wconf 64' lang='lat'>2</span> <span class='ocrx_word' id='word_1_139' title='bbox 2070 1408 2611 1494; x_wconf 72' lang='lat' dir='ltr'>OsnabrugenfiS‚</span> <span class='ocrx_word' id='word_1_140' title='bbox 2675 1485 2684 1491; x_wconf 17' lang='lat' dir='ltr'>p</span> 
     </span>
     <span class='ocr_line' id='line_1_16' title="bbox 226 1491 2615 1578; baseline -0.001 -22"><span class='ocrx_word' id='word_1_141' title='bbox 226 1491 763 1577; x_wconf 84' lang='lat' dir='ltr'>Merseburgenfis</span> <span class='ocrx_word' id='word_1_142' title='bbox 787 1534 811 1573; x_wconf 62' lang='lat'>3</span> <span class='ocrx_word' id='word_1_143' title='bbox 852 1494 1388 1578; x_wconf 83' lang='lat' dir='ltr'>Naumburgenfis</span> <span class='ocrx_word' id='word_1_144' title='bbox 1406 1537 1429 1575; x_wconf 77' lang='lat'>,</span> <span class='ocrx_word' id='word_1_145' title='bbox 1460 1494 1819 1563; x_wconf 82' lang='lat' dir='ltr'>Misnenfis.</span> <span class='ocrx_word' id='word_1_146' title='bbox 1925 1491 2363 1557; x_wconf 83' lang='lat' dir='ltr'>Arbitrarium</span> <span class='ocrx_word' id='word_1_147' title='bbox 2399 1508 2615 1555; x_wconf 88' lang='lat' dir='ltr'>tamen</span> 
     </span>
     <span class='ocr_line' id='line_1_17' title="bbox 223 1574 2617 1660; baseline 0 -24"><span class='ocrx_word' id='word_1_148' title='bbox 223 1574 354 1637; x_wconf 78' lang='lat' dir='ltr'>ess&#39;e</span> <span class='ocrx_word' id='word_1_149' title='bbox 381 1575 654 1640; x_wconf 85' lang='lat' dir='ltr'>afferunt</span> <span class='ocrx_word' id='word_1_150' title='bbox 688 1596 929 1642; x_wconf 90' lang='lat' dir='ltr'>nomen</span> <span class='ocrx_word' id='word_1_151' title='bbox 958 1577 1260 1660; x_wconf 86' lang='lat' dir='ltr'>Episcopi</span> <span class='ocrx_word' id='word_1_152' title='bbox 1283 1577 1633 1656; x_wconf 71' lang='lat' dir='ltr'>assumere,</span> <span class='ocrx_word' id='word_1_153' title='bbox 1659 1580 1770 1641; x_wconf 85' lang='lat' dir='ltr'>vel</span> <span class='ocrx_word' id='word_1_154' title='bbox 1791 1575 2154 1658; x_wconf 84' lang='lat' dir='ltr'>repudiare.</span> <span class='ocrx_word' id='word_1_155' title='bbox 2198 1581 2340 1640; x_wconf 89' lang='lat' dir='ltr'>Hac</span> <span class='ocrx_word' id='word_1_156' title='bbox 2365 1575 2445 1639; x_wconf 89' lang='lat' dir='ltr'>de</span> <span class='ocrx_word' id='word_1_157' title='bbox 2469 1593 2617 1643; x_wconf 83' lang='lat' dir='ltr'>cau-</span> 
     </span>
     <span class='ocr_line' id='line_1_18' title="bbox 228 1655 2623 1739; baseline 0 -20"><span class='ocrx_word' id='word_1_158' title='bbox 228 1655 292 1734; x_wconf 85' lang='lat' dir='ltr'>sa</span> <span class='ocrx_word' id='word_1_159' title='bbox 319 1659 465 1721; x_wconf 84' lang='lat' dir='ltr'>Rex</span> <span class='ocrx_word' id='word_1_160' title='bbox 490 1659 800 1722; x_wconf 83' lang='lat' dir='ltr'>Boruffiae</span> <span class='ocrx_word' id='word_1_161' title='bbox 824 1657 1193 1724; x_wconf 86' lang='lat' dir='ltr'>Fridericus</span> <span class='ocrx_word' id='word_1_162' title='bbox 1223 1701 1248 1739; x_wconf 64' lang='lat'><strong>7</strong></span> <span class='ocrx_word' id='word_1_163' title='bbox 1271 1673 1424 1724; x_wconf 88' lang='lat' dir='ltr'>cum</span> <span class='ocrx_word' id='word_1_164' title='bbox 1467 1680 1782 1729; x_wconf 87' lang='lat' dir='ltr'>coronam</span> <span class='ocrx_word' id='word_1_165' title='bbox 1804 1656 2201 1725; x_wconf 81' lang='lat' dir='ltr'>Borussicam</span> <span class='ocrx_word' id='word_1_166' title='bbox 2226 1659 2342 1724; x_wconf 87' lang='lat' dir='ltr'>fibi</span> <span class='ocrx_word' id='word_1_167' title='bbox 2370 1656 2623 1739; x_wconf 89' lang='lat' dir='ltr'>imponi</span> 
     </span>
     <span class='ocr_line' id='line_1_19' title="bbox 228 1739 2621 1825; baseline 0 -21"><span class='ocrx_word' id='word_1_168' title='bbox 228 1739 520 1819; x_wconf 76' lang='lat' dir='ltr'>faceret,</span> <span class='ocrx_word' id='word_1_169' title='bbox 547 1742 916 1822; x_wconf 82' lang='lat' dir='ltr'>primarium</span> <span class='ocrx_word' id='word_1_170' title='bbox 960 1747 1126 1808; x_wconf 85' lang='lat' dir='ltr'>aulae</span> <span class='ocrx_word' id='word_1_171' title='bbox 1161 1744 1290 1807; x_wconf 87' lang='lat' dir='ltr'>suae</span> <span class='ocrx_word' id='word_1_172' title='bbox 1319 1744 1723 1810; x_wconf 85' lang='lat' dir='ltr'>sacerdotem</span> <span class='ocrx_word' id='word_1_173' title='bbox 1749 1741 2083 1805; x_wconf 86' lang='lat' dir='ltr'>constituit</span> <span class='ocrx_word' id='word_1_174' title='bbox 2115 1743 2538 1825; x_wconf 74' lang='lat' dir='ltr'>Episcopum,</span> <span class='ocrx_word' id='word_1_175' title='bbox 2557 1739 2621 1805; x_wconf 84' lang='lat'>&amp;</span> 
     </span>
     <span class='ocr_line' id='line_1_20' title="bbox 234 1820 2628 1909; baseline -0 -23"><span class='ocrx_word' id='word_1_176' title='bbox 234 1820 311 1901; x_wconf 75' lang='lat' dir='ltr'>‘ab</span> <span class='ocrx_word' id='word_1_177' title='bbox 337 1843 421 1887; x_wconf 93' lang='lat' dir='ltr'>eo</span> <span class='ocrx_word' id='word_1_178' title='bbox 453 1824 832 1889; x_wconf 55' lang='lat' dir='ltr'>unctionem</span> <span class='ocrx_word' id='word_1_179' title='bbox 856 1825 1127 1906; x_wconf 88' lang='lat' dir='ltr'>accepit.</span> <span class='ocrx_word' id='word_1_180' title='bbox 1173 1830 1509 1909; x_wconf 86' lang='lat' dir='ltr'>Quantum</span> <span class='ocrx_word' id='word_1_181' title='bbox 1542 1825 1781 1906; x_wconf 82' lang='lat' dir='ltr'>adjura</span> <span class='ocrx_word' id='word_1_182' title='bbox 1802 1824 2203 1905; x_wconf 86' lang='lat' dir='ltr'>Episcopalia</span> <span class='ocrx_word' id='word_1_183' title='bbox 2234 1823 2628 1908; x_wconf 76' lang='lat' dir='ltr'>distinguen-</span> 
     </span>
     <span class='ocr_line' id='line_1_21' title="bbox 231 1903 2627 1991; baseline -0 -20"><span class='ocrx_word' id='word_1_184' title='bbox 231 1903 390 1971; x_wconf 88' lang='lat' dir='ltr'>dum</span> <span class='ocrx_word' id='word_1_185' title='bbox 419 1906 510 1970; x_wconf 83' lang='lat' dir='ltr'>est</span> <span class='ocrx_word' id='word_1_186' title='bbox 538 1908 707 1970; x_wconf 89' lang='lat' dir='ltr'>inter</span> <span class='ocrx_word' id='word_1_187' title='bbox 728 1908 1084 1988; x_wconf 87' lang='lat' dir='ltr'>Episcopos</span> <span class='ocrx_word' id='word_1_188' title='bbox 1113 1908 1654 1986; x_wconf 77' lang='lat' dir='ltr'>ProtestanticOS‚</span> <span class='ocrx_word' id='word_1_189' title='bbox 1687 1908 1801 1991; x_wconf 91' lang='lat' dir='ltr'>qui</span> <span class='ocrx_word' id='word_1_190' title='bbox 1839 1908 2035 1975; x_wconf 78' lang='lat' dir='ltr'>simul,</span> <span class='ocrx_word' id='word_1_191' title='bbox 2055 1911 2200 1973; x_wconf 87' lang='lat' dir='ltr'>sunt</span> <span class='ocrx_word' id='word_1_192' title='bbox 2231 1914 2486 1988; x_wconf 77' lang='lat' dir='ltr'>Principes</span> <span class='ocrx_word' id='word_1_193' title='bbox 2524 1905 2627 1978; x_wconf 84' lang='lat' dir='ltr'>uti</span> 
     </span>
     <span class='ocr_line' id='line_1_22' title="bbox 228 1987 2628 2075; baseline -0 -22"><span class='ocrx_word' id='word_1_194' title='bbox 228 2006 288 2054; x_wconf 89' lang='lat' dir='ltr'>e.</span> <span class='ocrx_word' id='word_1_195' title='bbox 306 2007 366 2074; x_wconf 83' lang='lat' dir='ltr'>g.</span> <span class='ocrx_word' id='word_1_196' title='bbox 391 1988 782 2071; x_wconf 83' lang='lat' dir='ltr'>Lubecenfis</span> <span class='ocrx_word' id='word_1_197' title='bbox 806 2029 830 2067; x_wconf 71' lang='lat'>³</span> <span class='ocrx_word' id='word_1_198' title='bbox 868 1991 929 2055; x_wconf 72' lang='grc' dir='ltr'>δι</span> <span class='ocrx_word' id='word_1_199' title='bbox 963 2001 1278 2068; x_wconf 64' lang='lat' dir='ltr'>caeteros³</span> <span class='ocrx_word' id='word_1_200' title='bbox 1307 2010 1475 2075; x_wconf 85' lang='lat' dir='ltr'>quos</span> <span class='ocrx_word' id='word_1_201' title='bbox 1499 2001 1742 2056; x_wconf 87' lang='lat' dir='ltr'>vocant</span> <span class='ocrx_word' id='word_1_202' title='bbox 1768 1994 2249 2073; x_wconf 72' lang='lat' dir='ltr'>superintendentes</span> <span class='ocrx_word' id='word_1_203' title='bbox 2276 2032 2302 2071; x_wconf 67' lang='lat'>³</span> <span class='ocrx_word' id='word_1_204' title='bbox 2353 1990 2419 2054; x_wconf 91' lang='lat' dir='ltr'>hi</span> <span class='ocrx_word' id='word_1_205' title='bbox 2453 1987 2628 2053; x_wconf 85' lang='lat' dir='ltr'>fimi-</span> 
     </span>
     <span class='ocr_line' id='line_1_23' title="bbox 225 2070 2626 2160; baseline 0 -24"><span class='ocrx_word' id='word_1_206' title='bbox 225 2070 324 2136; x_wconf 68' lang='lat' dir='ltr'>1es</span> <span class='ocrx_word' id='word_1_207' title='bbox 347 2070 490 2134; x_wconf 90' lang='lat' dir='ltr'>sunt</span> <span class='ocrx_word' id='word_1_208' title='bbox 510 2072 767 2136; x_wconf 85' lang='lat' dir='ltr'>caeteris</span> <span class='ocrx_word' id='word_1_209' title='bbox 790 2072 915 2137; x_wconf 85' lang='lat' dir='ltr'>suis</span> <span class='ocrx_word' id='word_1_210' title='bbox 942 2073 1300 2155; x_wconf 84' lang='lat' dir='ltr'>pastoribus</span> <span class='ocrx_word' id='word_1_211' title='bbox 1327 2114 1350 2152; x_wconf 66' lang='lat'>9</span> <span class='ocrx_word' id='word_1_212' title='bbox 1379 2074 1495 2137; x_wconf 79' lang='lat' dir='ltr'>nisi</span> <span class='ocrx_word' id='word_1_213' title='bbox 1526 2070 1708 2160; x_wconf 89' lang='lat' dir='ltr'>quod</span> <span class='ocrx_word' id='word_1_214' title='bbox 1736 2071 2009 2155; x_wconf 84' lang='lat' dir='ltr'>aliquam</span> <span class='ocrx_word' id='word_1_215' title='bbox 2033 2072 2499 2156; x_wconf 52' lang='lat' dir='ltr'>inspectionem</span> <span class='ocrx_word' id='word_1_216' title='bbox 2522 2071 2626 2136; x_wconf 87' lang='lat' dir='ltr'>su-</span> 
     </span>
     <span class='ocr_line' id='line_1_24' title="bbox 228 2153 2628 2241; baseline 0.001 -24"><span class='ocrx_word' id='word_1_217' title='bbox 228 2153 558 2241; x_wconf 87' lang='lat' dir='ltr'>periorem</span> <span class='ocrx_word' id='word_1_218' title='bbox 589 2155 859 2218; x_wconf 85' lang='lat' dir='ltr'><strong>habeant</strong></span> <span class='ocrx_word' id='word_1_219' title='bbox 885 2197 908 2232; x_wconf 63' lang='lat' dir='ltr'>a</span> <span class='ocrx_word' id='word_1_220' title='bbox 951 2155 1048 2219; x_wconf 88' lang='lat' dir='ltr'>illi</span> <span class='ocrx_word' id='word_1_221' title='bbox 1067 2176 1231 2220; x_wconf 86' lang='lat' dir='ltr'>vero</span> <span class='ocrx_word' id='word_1_222' title='bbox 1263 2156 1553 2238; x_wconf 87' lang='lat' dir='ltr'>inprimis</span> <span class='ocrx_word' id='word_1_223' title='bbox 1582 2177 1719 2220; x_wconf 91' lang='lat' dir='ltr'>non</span> <span class='ocrx_word' id='word_1_224' title='bbox 1739 2169 2046 2221; x_wconf 80' lang='lat' dir='ltr'>exercent</span> <span class='ocrx_word' id='word_1_225' title='bbox 2060 2161 2185 2241; x_wconf 83' lang='lat' dir='ltr'>jura</span> <span class='ocrx_word' id='word_1_226' title='bbox 2214 2160 2453 2228; x_wconf 77' lang='lat' dir='ltr'>Ordinis,</span> <span class='ocrx_word' id='word_1_227' title='bbox 2471 2175 2628 2220; x_wconf 90' lang='lat' dir='ltr'>cum</span> 
     </span>
     <span class='ocr_line' id='line_1_25' title="bbox 231 2232 2625 2324; baseline 0.002 -26"><span class='ocrx_word' id='word_1_228' title='bbox 231 2238 490 2300; x_wconf 87' lang='lat' dir='ltr'>nullum</span> <span class='ocrx_word' id='word_1_229' title='bbox 518 2232 839 2301; x_wconf 85' lang='lat' dir='ltr'>Ordinem</span> <span class='ocrx_word' id='word_1_230' title='bbox 875 2238 1323 2320; x_wconf 87' lang='lat' dir='ltr'>Episcopalem</span> <span class='ocrx_word' id='word_1_231' title='bbox 1352 2242 1736 2324; x_wconf 57' lang='lat' dir='ltr'>agnoscant„</span> <span class='ocrx_word' id='word_1_232' title='bbox 1787 2239 1850 2303; x_wconf 85' lang='lat'>&amp;</span> <span class='ocrx_word' id='word_1_233' title='bbox 1893 2237 1972 2302; x_wconf 87' lang='lat' dir='ltr'>ad</span> <span class='ocrx_word' id='word_1_234' title='bbox 2004 2240 2157 2302; x_wconf 90' lang='lat' dir='ltr'>-suos</span> <span class='ocrx_word' id='word_1_235' title='bbox 2202 2240 2625 2322; x_wconf 81' lang='lat' dir='ltr'>Episcopatus</span> 
     </span>
     <span class='ocr_line' id='line_1_26' title="bbox 237 2317 2627 2402; baseline 0.003 -23"><span class='ocrx_word' id='word_1_236' title='bbox 237 2337 375 2380; x_wconf 90' lang='lat' dir='ltr'>non</span> <span class='ocrx_word' id='word_1_237' title='bbox 403 2336 521 2399; x_wconf 89' lang='lat' dir='ltr'>per</span> <span class='ocrx_word' id='word_1_238' title='bbox 557 2318 1110 2383; x_wconf 87' lang='lat' dir='ltr'>consecrationem</span> <span class='ocrx_word' id='word_1_239' title='bbox 1140 2361 1165 2399; x_wconf 66' lang='lat'>2</span> <span class='ocrx_word' id='word_1_240' title='bbox 1205 2320 1314 2385; x_wconf 90' lang='lat' dir='ltr'>sed</span> <span class='ocrx_word' id='word_1_241' title='bbox 1339 2341 1457 2402; x_wconf 85' lang='lat' dir='ltr'>per</span> <span class='ocrx_word' id='word_1_242' title='bbox 1491 2322 1883 2388; x_wconf 70' lang='lat' dir='ltr'>eleEtionem</span> <span class='ocrx_word' id='word_1_243' title='bbox 1912 2317 2024 2385; x_wconf 85' lang='lat' dir='ltr'>vel</span> <span class='ocrx_word' id='word_1_244' title='bbox 2056 2323 2627 2387; x_wconf 88' lang='lat' dir='ltr'>confirmationem</span> 
     </span>
     <span class='ocr_line' id='line_1_27' title="bbox 238 2398 2626 2493; baseline 0.003 -31"><span class='ocrx_word' id='word_1_245' title='bbox 238 2398 639 2477; x_wconf 82' lang='lat' dir='ltr'>affumantur.</span> <span class='ocrx_word' id='word_1_246' title='bbox 729 2404 872 2474; x_wconf 55' lang='grc' dir='ltr'>ἵεσο</span> <span class='ocrx_word' id='word_1_247' title='bbox 895 2402 1293 2486; x_wconf 58' lang='grc' dir='ltr'>Ξηνὶεδὲᾶὶουίε</span> <span class='ocrx_word' id='word_1_248' title='bbox 1320 2405 1664 2487; x_wconf 76' lang='lat' dir='ltr'>Ecclefiafiicae</span> <span class='ocrx_word' id='word_1_249' title='bbox 1701 2415 2007 2467; x_wconf 85' lang='lat' dir='ltr'>exercent</span> <span class='ocrx_word' id='word_1_250' title='bbox 2037 2424 2162 2488; x_wconf 87' lang='lat' dir='ltr'>qua</span> <span class='ocrx_word' id='word_1_251' title='bbox 2194 2411 2450 2493; x_wconf 76' lang='lat' dir='ltr'>Principes</span> <span class='ocrx_word' id='word_1_252' title='bbox 2486 2423 2626 2469; x_wconf 80' lang='lat' dir='ltr'>non</span> 
     </span>
     <span class='ocr_line' id='line_1_28' title="bbox 239 2483 2630 2580; baseline 0.001 -32"><span class='ocrx_word' id='word_1_253' title='bbox 239 2505 369 2567; x_wconf 44' lang='lat' dir='ltr'>‚qua</span> <span class='ocrx_word' id='word_1_254' title='bbox 392 2486 644 2569; x_wconf 75' lang='lat' dir='ltr'>Episcopi.</span> <span class='ocrx_word' id='word_1_255' title='bbox 704 2484 951 2568; x_wconf 87' lang='lat' dir='ltr'>Aliqua</span> <span class='ocrx_word' id='word_1_256' title='bbox 973 2483 1118 2565; x_wconf 88' lang='lat' dir='ltr'>jura</span> <span class='ocrx_word' id='word_1_257' title='bbox 1151 2492 1306 2580; x_wconf 74' lang='lat' dir='ltr'>Legis</span> <span class='ocrx_word' id='word_1_258' title='bbox 1325 2491 1635 2564; x_wconf 77' lang='lat' dir='ltr'>Dioecesanae</span> <span class='ocrx_word' id='word_1_259' title='bbox 1663 2498 1967 2551; x_wconf 84' lang='lat' dir='ltr'>exercent</span> <span class='ocrx_word' id='word_1_260' title='bbox 1993 2498 2119 2571; x_wconf 85' lang='lat' dir='ltr'>qua</span> <span class='ocrx_word' id='word_1_261' title='bbox 2149 2492 2404 2570; x_wconf 79' lang='lat' dir='ltr'>Principes</span> <span class='ocrx_word' id='word_1_262' title='bbox 2437 2491 2630 2551; x_wconf 84' lang='lat' dir='ltr'>velu-</span> 
     </span>
     <span class='ocr_line' id='line_1_29' title="bbox 241 2564 2623 2655; baseline 0.003 -25"><span class='ocrx_word' id='word_1_263' title='bbox 241 2567 292 2631; x_wconf 88' lang='lat' dir='ltr'>ti</span> <span class='ocrx_word' id='word_1_264' title='bbox 327 2564 775 2653; x_wconf 81' lang='lat' dir='ltr'>Superioritati</span> <span class='ocrx_word' id='word_1_265' title='bbox 818 2567 1231 2633; x_wconf 83' lang='lat' dir='ltr'>Territoriah</span> <span class='ocrx_word' id='word_1_266' title='bbox 1276 2569 1674 2634; x_wconf 74' lang='lat' dir='ltr'>cohaerentia</span> <span class='ocrx_word' id='word_1_267' title='bbox 1709 2567 1844 2654; x_wconf 80' lang='lat' dir='ltr'>(c)</span> <span class='ocrx_word' id='word_1_268' title='bbox 1879 2569 2088 2654; x_wconf 87' lang='lat' dir='ltr'>aliqua</span> <span class='ocrx_word' id='word_1_269' title='bbox 2117 2587 2243 2655; x_wconf 86' lang='lat' dir='ltr'>qua</span> <span class='ocrx_word' id='word_1_270' title='bbox 2277 2571 2623 2654; x_wconf 82' lang='lat' dir='ltr'>Episcopi,</span> 
     </span>
     <span class='ocr_line' id='line_1_30' title="bbox 247 2647 2630 2735; baseline 0.002 -23"><span class='ocrx_word' id='word_1_271' title='bbox 247 2647 556 2733; x_wconf 88' lang='lat' dir='ltr'>quorsum</span> <span class='ocrx_word' id='word_1_272' title='bbox 581 2653 657 2712; x_wconf 77' lang='lat' dir='ltr'>ea‘</span> <span class='ocrx_word' id='word_1_273' title='bbox 685 2650 1014 2733; x_wconf 84' lang='lat' dir='ltr'>pertinent</span> <span class='ocrx_word' id='word_1_274' title='bbox 1047 2670 1198 2735; x_wconf 79' lang='lat' dir='ltr'>quae</span> <span class='ocrx_word' id='word_1_275' title='bbox 1226 2651 1373 2731; x_wconf 86' lang='lat' dir='ltr'>jura</span> <span class='ocrx_word' id='word_1_276' title='bbox 1407 2653 1855 2734; x_wconf 85' lang='lat' dir='ltr'>Capitulorum</span> <span class='ocrx_word' id='word_1_277' title='bbox 1885 2694 1909 2733; x_wconf 66' lang='lat'>2</span> <span class='ocrx_word' id='word_1_278' title='bbox 1953 2652 2337 2718; x_wconf 89' lang='lat' dir='ltr'>collationes</span> <span class='ocrx_word' id='word_1_279' title='bbox 2371 2654 2630 2719; x_wconf 89' lang='lat' dir='ltr'>Benefi-</span> 
     </span>
     <span class='ocr_line' id='line_1_31' title="bbox 244 2732 2624 2818; baseline 0.002 -22"><span class='ocrx_word' id='word_1_280' title='bbox 244 2732 498 2796; x_wconf 79' lang='lat' dir='ltr'>ciorum</span> <span class='ocrx_word' id='word_1_281' title='bbox 526 2773 550 2809; x_wconf 87' lang='lat'>-,</span> <span class='ocrx_word' id='word_1_282' title='bbox 595 2732 658 2797; x_wconf 86' lang='lat'>&amp;</span> <span class='ocrx_word' id='word_1_283' title='bbox 692 2733 988 2818; x_wconf 81' lang='lat' dir='ltr'>quasdam</span> <span class='ocrx_word' id='word_1_284' title='bbox 1014 2735 1510 2799; x_wconf 85' lang='lat' dir='ltr'>consuetudines</span> <span class='ocrx_word' id='word_1_285' title='bbox 1537 2777 1560 2815; x_wconf 68' lang='lat'>³</span> <span class='ocrx_word' id='word_1_286' title='bbox 1596 2740 1705 2800; x_wconf 81' lang='lat' dir='ltr'>vel</span> <span class='ocrx_word' id='word_1_287' title='bbox 1731 2736 2162 2802; x_wconf 89' lang='lat' dir='ltr'>immunitates</span> <span class='ocrx_word' id='word_1_288' title='bbox 2188 2749 2624 2816; x_wconf 76' lang='lat' dir='ltr'>concernunt,</span> 
     </span>
     <span class='ocr_line' id='line_1_32' title="bbox 248 2814 2630 2905; baseline 0.004 -27"><span class='ocrx_word' id='word_1_289' title='bbox 248 2814 315 2878; x_wconf 89' lang='lat' dir='ltr'>in</span> <span class='ocrx_word' id='word_1_290' title='bbox 349 2826 658 2898; x_wconf 86' lang='lat' dir='ltr'>quantum</span> <span class='ocrx_word' id='word_1_291' title='bbox 675 2835 906 2899; x_wconf 89' lang='lat' dir='ltr'>nempe</span> <span class='ocrx_word' id='word_1_292' title='bbox 925 2817 1208 2901; x_wconf 89' lang='lat' dir='ltr'>ipsorum</span> <span class='ocrx_word' id='word_1_293' title='bbox 1233 2817 1606 2905; x_wconf 68' lang='lat' dir='ltr'>Jurisdistio</span> <span class='ocrx_word' id='word_1_294' title='bbox 1630 2839 1748 2901; x_wconf 89' lang='lat' dir='ltr'>per</span> <span class='ocrx_word' id='word_1_295' title='bbox 1766 2820 1967 2883; x_wconf 84' lang='lat' dir='ltr'>varias</span> <span class='ocrx_word' id='word_1_296' title='bbox 1995 2820 2501 2902; x_wconf 82' lang='lat' dir='ltr'>capitulationes</span> <span class='ocrx_word' id='word_1_297' title='bbox 2514 2825 2630 2887; x_wconf 90' lang='lat' dir='ltr'>vel</span> 
     </span>
     <span class='ocr_line' id='line_1_33' title="bbox 248 2895 2634 3001; baseline 0.003 -41"><span class='ocrx_word' id='word_1_298' title='bbox 248 2895 836 2990; x_wconf 66' lang='lat' dir='ltr'>estcircumscripta</span> <span class='ocrx_word' id='word_1_299' title='bbox 858 2941 882 2981; x_wconf 62' lang='lat'>2</span> <span class='ocrx_word' id='word_1_300' title='bbox 909 2903 1021 2965; x_wconf 88' lang='lat' dir='ltr'>vel</span> <span class='ocrx_word' id='word_1_301' title='bbox 1053 2902 1358 2967; x_wconf 59' lang='lat' dir='ltr'>restricta.</span> <span class='ocrx_word' id='word_1_302' title='bbox 1442 2901 1911 2986; x_wconf 57' lang='lat' dir='ltr'>Quodgattinet</span> <span class='ocrx_word' id='word_1_303' title='bbox 1933 2903 2078 2983; x_wconf 85' lang='lat' dir='ltr'>jura</span> <span class='ocrx_word' id='word_1_304' title='bbox 2107 2906 2316 2968; x_wconf 81' lang='lat' dir='ltr'>Status</span> <span class='ocrx_word' id='word_1_305' title='bbox 2342 2906 2405 2970; x_wconf 86' lang='lat'>&amp;</span> <span class='ocrx_word' id='word_1_306' title='bbox 2429 2904 2634 3001; x_wconf 76' lang='lat' dir='ltr'>digni-</span> 
     </span>
     <span class='ocr_line' id='line_1_34' title="bbox 250 2982 2631 3071; baseline 0.003 -27"><span class='ocrx_word' id='word_1_307' title='bbox 250 2991 393 3044; x_wconf 81' lang='lat' dir='ltr'>tatis</span> <span class='ocrx_word' id='word_1_308' title='bbox 420 3018 443 3057; x_wconf 74' lang='lat'>,</span> <span class='ocrx_word' id='word_1_309' title='bbox 471 2991 704 3045; x_wconf 86' lang='lat' dir='ltr'>notum</span> <span class='ocrx_word' id='word_1_310' title='bbox 726 2982 853 3064; x_wconf 75' lang='lat' dir='ltr'>est,</span> <span class='ocrx_word' id='word_1_311' title='bbox 924 2983 1062 3049; x_wconf 87' lang='lat' dir='ltr'>uod</span> <span class='ocrx_word' id='word_1_312' title='bbox 1086 2986 1408 3050; x_wconf 85' lang='lat' dir='ltr'>Catholici</span> <span class='ocrx_word' id='word_1_313' title='bbox 1436 2986 1578 3067; x_wconf 84' lang='lat' dir='ltr'>ipslS</span> <span class='ocrx_word' id='word_1_314' title='bbox 1605 2983 2027 3071; x_wconf 80' lang='lat' dir='ltr'>quaestionem</span> <span class='ocrx_word' id='word_1_315' title='bbox 2058 2986 2249 3050; x_wconf 84' lang='lat' dir='ltr'>status</span> <span class='ocrx_word' id='word_1_316' title='bbox 2271 3003 2631 3070; x_wconf 80' lang='lat' dir='ltr'>movermt,</span> 
     </span>
     <span class='ocr_line' id='line_1_35' title="bbox 253 3007 2635 3159; baseline 0.003 -30"><span class='ocrx_word' id='word_1_317' title='bbox 253 3062 316 3129; x_wconf 85' lang='lat'>&amp;</span> <span class='ocrx_word' id='word_1_318' title='bbox 353 3083 472 3143; x_wconf 85' lang='lat' dir='ltr'>pro</span> <span class='ocrx_word' id='word_1_319' title='bbox 502 3062 831 3159; x_wconf 80' lang='lat' dir='ltr'>Episcopis</span> <span class='ocrx_word' id='word_1_320' title='bbox 865 3007 1013 3133; x_wconf 53' lang='lat' dir='ltr'>fiilos</span> <span class='ocrx_word' id='word_1_321' title='bbox 1048 3068 1393 3154; x_wconf 83' lang='lat' dir='ltr'>agnoscere</span> <span class='ocrx_word' id='word_1_322' title='bbox 1437 3069 1771 3133; x_wconf 88' lang='lat' dir='ltr'>noluerint</span> <span class='ocrx_word' id='word_1_323' title='bbox 1796 3111 1820 3148; x_wconf 52' lang='grc' dir='ltr'>ς,</span> <span class='ocrx_word' id='word_1_324' title='bbox 1874 3089 1956 3133; x_wconf 92' lang='lat' dir='ltr'>eo</span> <span class='ocrx_word' id='word_1_325' title='bbox 2002 3067 2183 3154; x_wconf 90' lang='lat' dir='ltr'>quod</span> <span class='ocrx_word' id='word_1_326' title='bbox 2228 3075 2263 3134; x_wconf 79' lang='lat' dir='ltr'>a</span> <span class='ocrx_word' id='word_1_327' title='bbox 2309 3067 2635 3137; x_wconf 85' lang='lat' dir='ltr'>Pon&#39;tifice</span> 
     </span>
     <span class='ocr_line' id='line_1_36' title="bbox 251 3151 2636 3239; baseline 0.005 -30"><span class='ocrx_word' id='word_1_328' title='bbox 251 3166 388 3210; x_wconf 85' lang='lat' dir='ltr'>non</span> <span class='ocrx_word' id='word_1_329' title='bbox 426 3151 894 3215; x_wconf 74' lang='lat' dir='ltr'>confirmentur</span> <span class='ocrx_word' id='word_1_330' title='bbox 916 3192 941 3231; x_wconf 77' lang='lat'><strong>&gt;</strong></span> <span class='ocrx_word' id='word_1_331' title='bbox 968 3172 1093 3217; x_wconf 91' lang='lat' dir='ltr'>nec</span> <span class='ocrx_word' id='word_1_332' title='bbox 1119 3152 1580 3218; x_wconf 87' lang='lat' dir='ltr'>consecrentur</span> <span class='ocrx_word' id='word_1_333' title='bbox 1606 3195 1628 3232; x_wconf 63' lang='lat'><strong>7</strong></span> <span class='ocrx_word' id='word_1_334' title='bbox 1663 3171 1788 3215; x_wconf 90' lang='lat' dir='ltr'>nec</span> <span class='ocrx_word' id='word_1_335' title='bbox 1811 3151 2237 3239; x_wconf 77' lang='lat' dir='ltr'>ancordatis</span> <span class='ocrx_word' id='word_1_336' title='bbox 2269 3158 2636 3221; x_wconf 79' lang='lat' dir='ltr'>Germaniae</span> 
     </span>
     <span class='ocr_line' id='line_1_37' title="bbox 241 3229 2637 3325; baseline 0.005 -33"><span class='ocrx_word' id='word_1_337' title='bbox 241 3229 431 3325; x_wconf 69' lang='lat' dir='ltr'>ligari</span> <span class='ocrx_word' id='word_1_338' title='bbox 454 3231 819 3312; x_wconf 75' lang='lat' dir='ltr'>voluerint,</span> <span class='ocrx_word' id='word_1_339' title='bbox 836 3231 1048 3301; x_wconf 88' lang='lat' dir='ltr'>donec</span> <span class='ocrx_word' id='word_1_340' title='bbox 1073 3235 1483 3303; x_wconf 83' lang='lat' dir='ltr'>contoversia</span> <span class='ocrx_word' id='word_1_341' title='bbox 1504 3237 1569 3300; x_wconf 91' lang='lat' dir='ltr'>in</span> <span class='ocrx_word' id='word_1_342' title='bbox 1591 3239 1758 3301; x_wconf 83' lang='lat' dir='ltr'>Pace</span> <span class='ocrx_word' id='word_1_343' title='bbox 1772 3232 2207 3319; x_wconf 79' lang='lat' dir='ltr'>westphalica</span> <span class='ocrx_word' id='word_1_344' title='bbox 2231 3236 2429 3304; x_wconf 84' lang='lat' dir='ltr'>fuerit</span> <span class='ocrx_word' id='word_1_345' title='bbox 2455 3261 2637 3304; x_wconf 89' lang='lat' dir='ltr'>com-</span> 
     </span>
     <span class='ocr_line' id='line_1_38' title="bbox 1397 3321 2638 3389; baseline -0.007 -5"><span class='ocrx_word' id='word_1_346' title='bbox 1397 3321 1467 3384; x_wconf 75' lang='grc' dir='ltr'>Χ</span> <span class='ocrx_word' id='word_1_347' title='bbox 1513 3372 1516 3373; x_wconf 23' lang='lat'><em>⁷</em></span> <span class='ocrx_word' id='word_1_348' title='bbox 2517 3323 2638 3389; x_wconf 70' lang='lat' dir='ltr'>ofi-</span> 
     </span>
     <span class='ocr_line' id='line_1_39' title="bbox 258 3337 2511 3479; baseline 0.003 -18"><span class='ocrx_word' id='word_1_349' title='bbox 258 3406 339 3467; x_wconf 66' lang='grc' dir='ltr'>(ι)</span> <span class='ocrx_word' id='word_1_350' title='bbox 371 3413 483 3476; x_wconf 71' lang='grc'><strong><em>1,.7.</em></strong></span> <span class='ocrx_word' id='word_1_351' title='bbox 508 3413 555 3460; x_wconf 70' lang='grc' dir='ltr'>ει</span> <span class='ocrx_word' id='word_1_352' title='bbox 586 3421 631 3469; x_wconf 77' lang='lat'>8.</span> <span class='ocrx_word' id='word_1_353' title='bbox 655 3411 775 3466; x_wconf 74' lang='lat' dir='ltr'>Cod.</span> <span class='ocrx_word' id='word_1_354' title='bbox 799 3411 859 3462; x_wconf 73' lang='lat' dir='ltr'>de</span> <span class='ocrx_word' id='word_1_355' title='bbox 882 3413 1022 3479; x_wconf 73' lang='lat' dir='ltr'>Epist.</span> <span class='ocrx_word' id='word_1_356' title='bbox 1041 3415 1162 3466; x_wconf 75' lang='lat' dir='ltr'>And.</span> <span class='ocrx_word' id='word_1_357' title='bbox 1507 3337 1543 3402; x_wconf 76' lang='lat'>3</span> <span class='ocrx_word' id='word_1_358' title='bbox 2256 3408 2258 3410; x_wconf 54' lang='grc'>’</span> <span class='ocrx_word' id='word_1_359' title='bbox 2469 3346 2511 3408; x_wconf 73' lang='lat' dir='ltr'>P</span> 
     </span>
     <span class='ocr_line' id='line_1_40' title="bbox 258 3475 1251 3546; baseline 0.011 -23"><span class='ocrx_word' id='word_1_360' title='bbox 258 3475 343 3538; x_wconf 73' lang='lat' dir='ltr'>(b)</span> <span class='ocrx_word' id='word_1_361' title='bbox 378 3478 486 3534; x_wconf 78' lang='lat' dir='ltr'>vid.</span> <span class='ocrx_word' id='word_1_362' title='bbox 508 3480 651 3540; x_wconf 71' lang='lat' dir='ltr'>prima</span> <span class='ocrx_word' id='word_1_363' title='bbox 674 3480 845 3531; x_wconf 68' lang='lat' dir='ltr'>Difl&#39;m.</span> <span class='ocrx_word' id='word_1_364' title='bbox 873 3497 972 3546; x_wconf 72' lang='lat' dir='ltr'>cap.</span> <span class='ocrx_word' id='word_1_365' title='bbox 995 3500 1040 3544; x_wconf 82' lang='lat'>3.</span> <span class='ocrx_word' id='word_1_366' title='bbox 1065 3485 1114 3533; x_wconf 76' lang='lat' dir='ltr'>in</span> <span class='ocrx_word' id='word_1_367' title='bbox 1140 3483 1251 3535; x_wconf 82' lang='lat' dir='ltr'>fine.</span> 
     </span>
    </p>
   </div>
   <div class='ocr_carea' id='block_1_3' title="bbox 264 3540 2644 3680">
    <p class='ocr_par' dir='ltr' id='par_1_3' title="bbox 264 3540 2644 3680">
     <span class='ocr_line' id='line_1_41' title="bbox 264 3540 2644 3680; baseline 0.005 -89"><span class='ocrx_word' id='word_1_368' title='bbox 264 3543 343 3608; x_wconf 80' lang='lat' dir='ltr'>(e)</span> <span class='ocrx_word' id='word_1_369' title='bbox 380 3548 814 3680; x_wconf 47' lang='grc' dir='ltr'>Ρὲτοιηῖεοείᾟὲιῖἐω</span> <span class='ocrx_word' id='word_1_370' title='bbox 836 3549 1023 3602; x_wconf 68' lang='lat' dir='ltr'>insacia</span> <span class='ocrx_word' id='word_1_371' title='bbox 1046 3582 1064 3610; x_wconf 86' lang='grc'><strong><em>,</em></strong></span> <span class='ocrx_word' id='word_1_372' title='bbox 1089 3553 1218 3619; x_wconf 72' lang='lat' dir='ltr'>quod</span> <span class='ocrx_word' id='word_1_373' title='bbox 1243 3555 1265 3600; x_wconf 67' lang='lat' dir='ltr'>i·</span> <span class='ocrx_word' id='word_1_374' title='bbox 1286 3552 1458 3619; x_wconf 80' lang='lat' dir='ltr'>populo</span> <span class='ocrx_word' id='word_1_375' title='bbox 1496 3552 1542 3600; x_wconf 75' lang='lat' dir='ltr'>in</span> <span class='ocrx_word' id='word_1_376' title='bbox 1576 3540 1688 3619; x_wconf 72' lang='lat' dir='ltr'>ipsos</span> <span class='ocrx_word' id='word_1_377' title='bbox 1723 3553 1984 3605; x_wconf 63' lang='lat' dir='ltr'>translatum</span> <span class='ocrx_word' id='word_1_378' title='bbox 2016 3555 2151 3613; x_wconf 69' lang='lat' dir='ltr'>aium</span> <span class='ocrx_word' id='word_1_379' title='bbox 2175 3551 2326 3603; x_wconf 63' lang='lat' dir='ltr'>stltem</span> <span class='ocrx_word' id='word_1_380' title='bbox 2353 3550 2503 3620; x_wconf 70' lang='lat' dir='ltr'>quoad</span> <span class='ocrx_word' id='word_1_381' title='bbox 2537 3554 2644 3617; x_wconf 79' lang='lat' dir='ltr'>Jm</span> 
     </span>
    </p>
   </div>
  </div>
 </body>
</html>
