2970 3918
333 238 420 302 23
1193 229 1386 324 Caput
1419 228 1473 303 ι.
1520 236 1592 317 §-
1625 228 1831 304 Xm.

1347 385 1424 491 §.
1488 382 1695 473 XIII.
1734 431 1738 435 ·

329 549 831 682 SUpponamus
859 544 988 624 jam
1014 543 1336 641 tripiicem
1359 549 1534 615 iliam
1559 553 1823 635 Imperii
1850 551 2125 620 formam
2163 556 2709 645 Regularemhastea

460 650 575 695 nus
605 627 921 721 assertam,
966 632 1277 722 quaelibet
1311 651 1530 699 earum
1565 637 1707 701 alias
1743 638 1806 702 &
1840 637 1982 700 alias
2020 641 2206 702 habet
2237 642 2700 721 proprietates,

327 729 467 792 aut,
512 712 556 774 fi
584 711 801 773 dicere
826 712 1016 788 hcet,
1061 731 1127 775 111
1158 711 1432 780 diversas
1463 717 1591 781 abit
1622 719 1884 800 species,
2011 723 2120 787 De
2154 725 2497 786 Monarcbica
2532 723 2580 786 fi
2604 724 2705 790 lo-

328 814 638 882 quamur,
682 793 826 857 haec
863 795 973 861 vel
1009 794 1101 857 est
1123 800 1393 878 [ucceffiva
1419 846 1437 874 ‚
1491 804 1602 865 vel
1644 803 1855 865 elefflva
1875 849 1891 875 ,
1934 802 2001 865 in
2041 805 2148 868 illa
2200 803 2558 870 succedunt
2598 803 2707 867 deae

323 878 676 945 cendentes
715 877 784 941 in
825 877 1107 957 Imperio
1155 901 1168 941 ε
1231 879 1298 942 in
1329 880 1446 946 hac
1471 881 1575 962 jus
1604 883 1868 965 Imperii
1896 904 2047 949 cum
2091 887 2358 967 persona
2393 886 2709 971 extingui-

323 977 478 1039 tur,
530 960 592 1024 &
638 960 707 1037 in
751 959 934 1022 aliam
976 979 1094 1041 per
1130 961 1301 1026 viam
1359 963 1526 1050 Juris
1568 966 1947 1031 transfertur
2001 968 2162 1051 (a).
2303 969 2706 1032 Monarchiani,

322 1045 436 1110 sub
491 1043 756 1106 nomine
800 1046 960 1128 Regni
999 1043 1387 1110 Aristoteles
1419 1047 1457 1131 ζ
1475 1048 1577 1132 b)
1633 1048 1864 1113 dividit
1919 1051 1984 1113 in
2045 1055 2316 1113 Heroicam
2351 1089 2374 1127 2
2446 1049 2707 1134 quando

319 1132 647 1206 Imperans
682 1144 850 1190 unus
895 1123 986 1188 est
1012 1166 1034 1204 ³
1093 1127 1203 1210 qui
1248 1142 1460 1193 tamen
1507 1131 1723 1195 omnia
1766 1131 1892 1225 agit
1936 1131 2213 1195 consilio
2266 1132 2527 1196 Civium
2567 1131 2708 1217 (c).

322 1212 697 1282 Barbaricum,
739 1208 854 1271 ubi
880 1211 1030 1273 Rex
1058 1210 1272 1274 omnia
1306 1212 1430 1295 agit
1458 1213 1574 1277 suo
1607 1214 1910 1293 arbitrio)
1956 1215 2018 1279 &
2047 1211 2311 1278 subditis
2342 1214 2551 1279 utitur
2573 1226 2709 1278 tan-

327 1311 521 1375 quam
573 1291 901 1372 mancipiis
952 1289 1118 1376 (d).
1246 1299 1635 1379 AEsymneticam
1666 1344 1683 1369 ,
1738 1298 1853 1361 ubi
1903 1298 2256 1361 Monarcha
2308 1309 2486 1362 extra
2536 1295 2712 1360 ordi·

325 1394 475 1437 nem
504 1373 799 1456 eligitur,
844 1374 1101 1458 quoties
1146 1375 1404 1456 majoris
1442 1379 1762 1442 momenti
1803 1380 1985 1443 causa
2013 1379 2325 1459 majorem
2359 1379 2709 1443 authorita-¹

322 1470 459 1520 tem
505 1457 700 1538 exigit
728 1457 888 1541 (e).
1017 1464 1298 1521 Laconiam
1329 1498 1353 1538 ,
1417 1460 1531 1522 ubi
1565 1462 1712 1524 Rex
1751 1473 2050 1541 tempore
2096 1462 2252 1527 belli
2302 1462 2446 1542 jura
2506 1461 2710 1542 Maje-

319 1539 488 1602 statis
513 1541 626 1601 vel
655 1539 861 1618 solus2
905 1541 1016 1603 vel
1045 1558 1196 1602 cum
1222 1542 1456 1604 Senatu
1499 1555 1797 1619 exercet,
1843 1556 2138 1624 tempore
2171 1564 2336 1608 vero
2375 1545 2546 1626 pacis
2572 1564 2709 1607 non

320 1622 440 1685 nifi
489 1621 667 1686 vices
706 1621 988 1702 primarii
1032 1622 1354 1685 Senatoris
1414 1622 1678 1687 sustinet
1712 1623 1908 1710 leJ·
2034 1628 2120 1690 Et
2157 1628 2438 1712 perseffam
2472 1667 2496 1706 ³
2553 1628 2710 1692 ubi..

324 1704 538 1768 omnis
585 1705 862 1786 potestas
915 1702 1006 1766 est
1042 1722 1240 1782 penes
1281 1708 1531 1798 Regem
1565 1746 1588 1785 ³
1645 1707 1730 1770 ita
1767 1721 2021 1787 tamen,
2076 1717 2152 1770 ut
2200 1709 2466 1783 Civibus
2496 1751 2519 1789 >
2569 1729 2708 1773 non

320 1787 664 1867 Mancipiis
693 1789 969 1865 imperet
989 1785 1149 1870 (g).
1280 1787 1726 1855 Panformiter
1764 1794 2104 1867 Aristocratia
2134 1793 2244 1853 vel
2273 1791 2364 1854 est
2401 1793 2662 1856 Elefflva„
2684 1838 2709 1866 ,

323 1869 582 1953 quando
611 1867 931 1934 exstinffis
954 1867 1368 1933 senatoribus
1393 1871 1495 1933 alii
1527 1890 1644 1950 per
1676 1872 2066 1937 electionem
2091 1872 2504 1959 surrogantur
2531 1873 2708 1958 (h).

321 1953 455 2015 Vel
508 1955 774 2031 succeffiva
812 1991 836 2028 2
890 1951 1149 2036 quando
1204 1954 1545 2015 Senatores
1606 1973 1687 2016 ex
1731 1955 1923 2018 certis
1963 1964 2210 2017 tantum
2253 1957 2508 2021 familiis
2559 1967 2709 2019 >tan--

317 2054 513 2119 quam
556 2037 880 2118 Magnates
914 2034 1258 2097 nascuntur
1294 2055 1453 2098 cum>
1481 2036 1629 2115 jure
1652 2036 1930 2101 *dicendi
1979 2035 2353 2104 sententiam
2405 2039 2472 2100 in
2518 2039 2708 2102 Sena-

206 2195 209 2198 y
317 2132 394 2181 tu
423 2118 460 2201 ζ
484 2117 506 2180 i
531 2117 594 2199 J,
721 2119 795 2179 In
837 2115 1257 2180 Democratia
1302 2119 1411 2180 vel
1469 2119 1739 2183 maxime
1796 2133 1960 2200 opus
2027 2116 2120 2180 est
2182 2119 2258 2184 ad
2307 2119 2710 2186 tollendam..

317 2198 772 2275 confusionem
803 2196 1250 2264 distributione
1291 2202 1521 2281 populi
1551 2201 1619 2264 in
1662 2216 1836 2266 certa
1870 2202 2231 2286 systemata,
2269 2202 2477 2266 veluti
2500 2202 2708 2264 Athe-

321 2282 419 2345 nis
459 2282 528 2344 in
573 2283 745 2345 ‘Ii-ibus
772 2323 796 2359 2
823 2284 1079 2345 Romae
1131 2283 1198 2345 in
1235 2289 1414 2348 Curias
1451 2323 1474 2362 ‚
1519 2283 1583 2347 ‹31›
1637 2286 1815 2348 Tribus
1847 2325 1870 2362 2
1917 2286 1979 2348 &
2021 2285 2173 2347 hinc
2229 2285 2411 2347 aliam
2463 2297 2706 2347 vocant

320 2363 841 2440 Aristocratiam2
881 2367 992 2426 vel
1035 2365 1522 2430 Democratiam
1569 2366 1846 2443 Urbicum,
1888 2367 2004 2430 ubi
2047 2369 2360 2431 Proceres
2401 2367 2510 2429 vel
2552 2368 2707 2429 Tri-

320 2448 439 2509 bus
489 2448 556 2510 in
594 2453 724 2510 una
750 2458 999 2510 tantum
1037 2448 1315 2512 Civitate
1360 2448 1503 2512 sunt
1548 2447 1881 2512 constituti
1911 2449 2079 2533 (k).
2165 2451 2381 2513 Aliam
2425 2455 2709 2514 Provincia

318 2531 454 2607 lem,
495 2529 607 2593 ubi
648 2532 962 2593 Proeeres
997 2549 1077 2592 ex
1112 2541 1249 2594 tota
1282 2531 1662 2610 Provincia,
1709 2534 1817 2596 vel
1862 2531 2166 2596 universo
2202 2533 2454 2614 populo
2509 2534 2708 2595 Rem·

317 2612 641 2692 publicam
681 2611 1108 2675 administrant
1137 2614 1284 2697 (1).
2705 2626 2709 2630 ’

493 2695 604 2757 Ad
637 2694 1061 2777 quaestionem
1098 2696 1201 2759 hic
1235 2697 1655 2761 devolvimur
1677 2695 1818 2756 sane
1852 2695 2079 2760 summi
2114 2696 2464 2774 momenti,
2517 2697 2578 2762 &
2609 2697 2703 2760 in-

323 2787 424 2841 ter
464 2777 628 2843 DD.
675 2777 973 2861 antiquos
1012 2796 1147 2840 non
1205 2778 1455 2858 modo,
1508 2797 1739 2842 verum
1774 2777 1966 2844 etiam
2008 2780 2363 2868 novioreS,
2412 2779 2473 2844 &
2504 2779 2711 2928 hodie}

2589 2884 2673 2928 ve

324 2977 425 3091 (ἶ)
465 2976 707 3092 Ξυζεεῐῐίνε
726 2977 785 3025 est
809 2977 854 3026 in
879 2978 1048 3039 Gallia,
1075 2978 1303 3047 Hispania,
1339 2978 1535 3029 Elefflva
1551 2977 1600 3027 in
1622 2979 1832 3042 Potonia,
1865 2983 2018 3031 Suecia
2038 2987 2128 3035 &m
2696 2979 2699 2981 ⁵

466 3048 510 3093 Li
548 3078 557 3091 .
610 3080 620 3091 .
645 3047 769 3094 Potit-

326 3047 542 3177 {c))Taiis
554 3063 814 3161 urionarchia
828 3128 882 3160 ex
897 3129 1048 3163 mente
1061 3115 1249 3163 Homeri
1266 3113 1350 3163 fuit
1367 3112 1481 3179 apud
1498 3117 1640 3178 Reges
1654 3113 1829 3161 Graeciae
1841 3144 1857 3170 ,
1870 3117 1942 3180 qui
1954 3119 2136 3174 Troiam
2151 3131 2455 3183 oppugnatum
2469 3130 2700 3171 venerant.

325 3179 435 3244 (d)
471 3180 579 3224 Tale
604 3181 710 3224 olim
736 3178 817 3225 fuit
835 3184 1038 3237 Regnum
1063 3183 1278 3234 Perficum
1297 3213 1314 3238 ‚
1341 3186 1388 3232 ὅ(
1405 3182 1538 3231 bodie
1557 3181 1619 3231 est
1637 3182 1875 3232 'turcicum
1888 3216 1905 3244 ,
1926 3188 1974 3237 &
1994 3190 2147 3238 omniu
2163 3186 2434 3238 orientalia·

380 3245 444 3307 e)
483 3249 582 3293 Huc
606 3246 796 3308 pertinet
818 3247 1045 3296 metatura
1067 3253 1392 3298 Romanorum.

466 3314 594 3359 Tales
612 3312 720 3359 olim
742 3311 922 3360 fuerunt
941 3318 1079 3377 Reges
1100 3320 1432 3379 Spartanorum,

476 3380 585 3427 Tale
615 3376 699 3425 fuit
728 3383 932 3442 Regnum
961 3382 1308 3432 Macedonicum
1324 3414 1342 3440 ‚
1375 3388 1422 3439 δε
1444 3383 1579 3437 hodie
1598 3384 1807 3453 pleraque
1829 3380 2012 3453 Europa.
2030 3387 2202 3453 Regna.

467 3447 540 3494 Uti
573 3445 681 3493 olim
713 3448 886 3501 Roma.

470 3583 589 3628 Sicut
617 3579 726 3627 olim
758 3582 940 3629 Athenis
957 3613 969 3635 ‚
995 3586 1038 3630 δι
1072 3582 1206 3636 hodie
1226 3582 1441 3638 venetiis·

464 3650 515 3703 E.
527 3665 570 3715 g.
595 3647 642 3699 in
669 3646 820 3714 Belgio
840 3645 1074 3703 foederato.
