2970 3918
297 204 433 266 ¹¹4
1086 176 1288 271 Caput
1315 177 1407 251 ΙΙ.
1453 183 1527 265 s.
1569 177 1695 250 Vl.

289 354 417 415 quc
447 331 744 412 Episcopi
770 331 942 392 suam
973 325 1493 407 jurisdictionem
1516 326 1580 391 &
1602 326 1941 412 aliqualem
1968 329 2297 409 potestatis
2327 329 2671 411 plenitudi-

289 437 434 481 num
469 435 598 476 non
630 431 746 493 per
774 429 967 474 unam
997 422 1246 474 tantum
1276 451 1300 489 2
1349 409 1458 473 sed
1498 428 1619 489 per
1652 415 1868 491 plures
1900 411 2277 476 Provincias
2318 413 2683 478 circumtu⁴

284 499 477 565 lei-int
505 537 527 574 ³
568 512 761 578 quam
804 490 955 556 dein
992 491 1292 579 Synodus
1334 491 1602 557 Nicaena
1639 494 1843 558 totius
1883 495 2057 559 orbis
2109 495 2423 559 consensu
2464 501 2672 559 Can.6.

283 576 691 644 confirmavit
718 595 732 636 :
759 575 943 654 juvat
959 577 1291 640 Canonem
1317 595 1397 642 ex
1417 575 1715 641 versione
1731 577 2036 661 Dionyfii
2056 577 2317 663 Exigui,
2346 593 2496 662 quae
2530 595 2673 643 om-

289 665 465 724 nium
494 657 758 721 videtur
779 657 904 722 eise
926 659 1168 739 optima
1191 658 1436 722 referre
1466 681 1481 722 ε
1525 666 1758 744 Antiqua
1783 664 2085 740 consuetudo
2097 665 2341 742 servetur
2355 677 2452 745 per
2473 667 2673 806 AEgzp-

283 761 428 823 ptum
457 788 473 813 ,
506 742 727 822 Lybiam
758 785 776 811 ,
807 739 880 814 l&
904 743 1260 824 Pentapolim,
1295 755 1353 806 ut
1385 742 1771 805 Alexandrinus
1806 746 2080 824 Episcopus
2104 742 2289 806 borum
2326 746 2548 803 omnium
2614 761 2676 806 a-

283 826 405 887 beat
457 823 761 907 potestatem
778 868 797 895 ,
821 827 943 907 quia
973 824 1046 897 &²
1074 823 1221 886 urbis
1248 833 1417 889 Rome
1440 825 1679 906 Episcopo
1701 827 1880 905 parilis
1906 846 2010 885 mos
2047 825 2131 902 est.
2173 824 2422 894 Similiter
2443 822 2515 897 &
2537 821 2678 907 apud

281 902 614 970 Antiochiam
642 914 940 987 ceterasque
961 908 1271 968 Provincias
1288 909 1393 984 suis
1418 905 1695 990 privilegia
1725 910 1992 983 serventur
2021 907 2268 988 Ecclefiis.
2336 905 2470 969 iliud
2494 919 2670 968 autem

278 987 592 1074 generaliter
616 988 812 1048 clarum
843 986 908 1063 est
925 1033 943 1061 ,
979 985 1119 1071 quod
1145 992 1190 1070 fi
1211 993 1324 1072 quis
1347 997 1537 1072 praeter
1562 989 1974 1073 Metropolitani
1983 991 2286 1067 sententiam
2307 989 2482 1068 fuerit
2494 985 2672 1068 fastus

281 1071 577 1152 Episcopus,
606 1066 738 1128 bunc
765 1087 954 1160 magna
986 1071 1218 1154 synodus
1241 1071 1471 1146 definivit
1496 1072 1794 1152 Episcopum
1827 1072 1913 1150 effe
1942 1090 2042 1132 non
2083 1079 2338 1147 oportere.
2441 1070 2673 1152 Atque

286 1150 392 1213 hic
418 1150 509 1222 est
547 1149 1006 1215 celeberrimus
1052 1151 1164 1215 ille
1199 1159 1375 1214 Canon
1404 1197 1423 1225 ,
1460 1150 1573 1233 qui
1616 1149 2192 1215 celeberrimorum
2227 1147 2551 1214 Virorum
2581 1149 2676 1217 in-

276 1233 469 1318 ‚genia
494 1233 559 1296 in
588 1231 969 1298 hodiernam
991 1253 1067 1298 us
1114 1253 1200 1297 ue
1230 1233 1402 1298 diem
1436 1232 1762 1317 fatigavit,
1790 1235 1850 1298 &
1879 1235 1949 1298 in
1972 1244 2074 1296 tot
2114 1232 2398 1295 distraxit
2428 1231 2678 1302 senten-

287 1317 422 1379 tias,
489 1318 872 1400 Priusquam
897 1315 978 1380 de
1007 1257 1489 1381 difficultatibus
1518 1314 1586 1379 in
1627 1317 1798 1380 illius
1835 1315 2290 1396 exsplicatione
2322 1334 2677 1381 occurren-

285 1400 457 1463 tibus
482 1417 733 1484 agamus
753 1439 776 1478 ,
815 1398 1000 1478 juvat
1037 1399 1247 1485 aliqua
1275 1397 1522 1481 praevie
1561 1398 1623 1462 δε
1666 1399 1953 1462 breviter
1980 1411 2285 1462 annotare
2322 1438 2345 1478 ³
2389 1419 2678 1484 quorum

284 1482 569 1566 primum
604 1480 734 1560 est,
777 1481 958 1566 quod
984 1483 1092 1547 hic
1130 1491 1310 1546 Canon
1340 1490 1538 1561 prout
1569 1483 1715 1544 vult
1754 1480 2085 1562 Launojus
2105 1522 2128 1560 ³
2166 1481 2504 1546 occasione
2535 1486 2679 1548 Me-

281 1564 505 1631 letiani
533 1564 896 1630 Schismatis
924 1565 1110 1630 fuisse
1135 1563 1438 1630 conditus
1463 1561 1764 1627 videatur
1790 1605 1815 1642 a
1861 1562 2175 1650 siqnidem
2213 1565 2385 1629 illius
2429 1566 2676 1631 affeclae

293 1648 619 1733 antiquam
654 1647 1234 1726 consuetudinem,
1261 1646 1329 1710 vi
1365 1644 1551 1725 cujus
1586 1645 1913 1729 Episcopo
1947 1647 2396 1711 Alexandrino
2416 1667 2535 1729 per
2557 1649 2681 1712 sin·-

287 1734 464 1816 gulas
493 1730 750 1814 AEgypti
768 1769 790 1807 2
823 1729 1052 1815 Lybiae
1080 1770 1108 1810 2
1143 1730 1206 1796 &
1229 1733 1662 1810 Pentapoleos
1691 1731 2068 1797 Provincias
2096 1731 2463 1795 celebrandi
2479 1731 2676 1796 sacras

288 1812 726 1877 ordinationes
753 1811 1020 1876 facultas
1047 1813 1385 1895 competiit
1402 1853 1426 1892 2
1475 1811 1712 1877 mirum
1741 1812 1808 1876 in
1829 1814 2100 1879 modum
2125 1814 2382 1877 turbare
2402 1834 2539 1879 non
2562 1835 2680 1883 ve·

285 1897 610 1961 rebantur.
655 1897 880 1979 Itaque
899 1895 1108 1961 visum
1133 1906 1268 1959 erat
1296 1895 1579 1960 Nicaenis
1607 1895 1898 1960 Patribus
1927 1895 2254 1978 Episcopo
2292 1897 2682 1964 Alexandri-

277 2000 373 2043 no
396 2020 419 2059 2
456 1980 519 2044 ὅτ
548 1977 991 2057 Metropolitis
1021 1978 1277 2063 antiqua
1302 1977 1409 2041 sua
1441 1976 1775 2060 privilegia
1801 1978 1864 2043 &
1886 1979 2032 2059 jura
2061 1980 2441 2044 conservare
2463 2022 2488 2060 2
2519 2000 2682 2047 con-

284 2063 544 2126 firmare
573 2060 635 2126 &
663 2060 959 2126 stabilire.
1043 2063 1354 2124 Alterum
1389 2059 1520 2138 est,
1553 2060 1733 2143 quod
1770 2060 1874 2123 hic
1912 2069 2086 2123 Canon
2115 2068 2151 2125 a
2175 2062 2501 2147 Dionyfio
2525 2065 2680 2129 Exi·

278 2165 421 2229 *guo
451 2145 699 2227 integer
732 2163 867 2206 non
894 2142 1253 2221 referatur,
1288 2143 1350 2207 δι’.
1394 2141 1673 2222 suppleri
1713 2142 1943 2208 debeat
1971 2154 2113 2207 tum
2143 2162 2224 2206 ex
2250 2145 2676 2212 vetustiffimo

288 2226 538 2293 Codice
566 2229 905 2290 Canonum
929 2266 953 2304 2
995 2246 1130 2309 quo
1170 2226 1571 2304 temporibus
1610 2224 1764 2309 Julii
1801 2228 1990 2304 Papae
2027 2226 2314 2288 Ecclesia
2337 2229 2678 2307 utebatur,

282 2323 426 2374 tum
453 2329 535 2372 ex
570 2308 724 2372 Ast.
751 2310 848 2372 16.
880 2307 1161 2371 Concilii
1200 2305 1741 2371 Chalcedonenfis
1771 2345 1795 2382 9
1829 2317 1971 2369 tum
2015 2324 2095 2368 ex
2134 2307 2259 2369 alio
2302 2310 2680 2388 pervetusto

285 2397 551 2473 Canone
577 2393 899 2456 Romanae
934 2389 1246 2457 Ecclefiae
1276 2395 1311 2453 a
1344 2389 1726 2476 Quesnellio
1750 2388 1817 2453 in
1850 2391 2068 2453 lucem
2114 2389 2436 2470 publicam
2477 2390 2685 2472 edito,

287 2478 356 2541 in
408 2475 642 2561 quibus
691 2485 837 2552 ante
893 2474 1091 2537 verba
1156 2475 1436 2539 Canonis
1490 2473 1675 2553 supra
1728 2474 1910 2536 allata
1961 2471 2040 2535 fit
2105 2471 2353 2537 mentio
2425 2480 2687 2538 Primam

285 2563 504 2624 Romani
534 2559 780 2638 praevie
825 2556 999 2640 quafi
1030 2556 1288 2620 stabiliti
1334 2577 1451 2638 per
1491 2557 1634 2620 haec
1661 2595 1686 2634 2
1757 2555 1818 2619 &
1869 2553 1966 2618 his
2007 2553 2228 2618 fimilia
2284 2557 2487 2635 verba
2523 2579 2540 2618 z
2584 2568 2677 2619 Ec-

292 2644 436 2722 clefia
470 2647 699 2703 Romana
713 2644 915 2722 semper
946 2638 1125 2702 babuit
1153 2646 1438 2703 Primatum
1465 2639 1580 2712 &a
1690 2637 1997 2699 Tertium
2033 2636 2125 2699 est
2151 2676 2175 2715 2
2224 2635 2407 2720 quod
2444 2639 2510 2701 in
2536 2638 2678 2722 qui-

292 2722 559 2787 busdam
595 2721 728 2787 aliis
757 2720 1110 2786 Codicibus
1134 2762 1158 2800 9
1202 2720 1360 2787 &in
1389 2718 1800 2784 translatione
1841 2717 2070 2783 Rufini
2107 2717 2219 2782 fiat
2250 2721 2498 2784 mentio
2548 2730 2682 2782 Pro-

293 2811 584 2869 vinciarum
611 2805 681 2880 &
706 2807 1032 2888 Ecclefiarum
1042 2804 1509 2885 suburbicariarum
1542 2801 1651 2886 (a)
1750 2799 1910 2865 Inde
1951 2812 2082 2864 tres
2124 2814 2463 2886 emergunt
2502 2821 2682 2887 quae-

295 2888 574 2964 stiones>
598 2888 841 2968 prima,
898 2906 977 2948 an
1008 2886 1119 2951 cit.
1152 2889 1378 2951 Canon
1428 2886 1737 2968 loquatur
1778 2883 1858 2947 de
1895 2881 2051 2970 Jure
2101 2890 2501 2970 Metropolitico
2544 2927 2567 2964 2
2606 2884 2684 2950 fi-

297 2971 432 3034 cuti
466 2970 662 3033 docet
703 2967 976 3053 Joannes
1009 2969 1339 3049 Launojus
1366 3009 1390 3047 ·,
1419 2971 1529 3031 vel
1565 2966 1646 3030 de
1690 2966 2044 3029 patriarchico
2070 3007 2093 3045 2
2149 2978 2348 3046 prout
2385 2968 2678 3052 plerique

294 3053 630 3119 Doctores
660 3063 891 3115 contra
918 3050 1285 3131 Launojum
1310 3062 1537 3115 tenent
1566 3048 1682 3131 (b)
1770 3047 1920 3112 2.do
1943 3089 1966 3126 a
1994 3069 2070 3112 an
2101 3049 2301 3113 stante
2340 3050 2675 3131 opinione,

302 3135 482 3218 quod
521 3135 728 3198 sermo
756 3135 832 3197 fit
867 3133 945 3197 de
973 3134 1124 3220 Jure
1153 3132 1503 3196 patriarchico
1524 3179 1541 3202 ,
1571 3132 1881 3195 Primatus
1906 3131 2186 3195 Romani
2206 3133 2543 3198 Pontificis
2571 3133 2681 3206 sal-

299 3219 438 3282 vari
463 3220 673 3281 valeat
694 3218 852 3302 (c)'3
880 3218 941 3282 &
968 3217 1127 3299 3.tio
1157 3215 1462 3303 quidnam
1486 3233 1601 3296 per
1626 3215 1835 3280 Urbes
1855 3256 1877 3294 2
1902 3215 1964 3280 &
1989 3214 2362 3297 Provincias
2385 3216 2684 3301 suburbica-

2577 3318 2622 3361 τι
2659 3320 2680 3359 s

302 3385 387 3449 (a)
420 3383 529 3433 Vid.
553 3383 823 3432 Cabaffutius
852 3385 897 3433 in
913 3382 1060 3434 Notit.
1094 3380 1255 3430 flectes.
1282 3380 1338 3430 ad
1368 3382 1483 3428 Can.
1502 3386 1554 3432 6.
1571 3380 1752 3429 Concilt
1773 3380 1965 3431 Nicaeni.
2438 3427 2442 3430 ,
2624 3320 2655 3371 a

307 3454 388 3520 (b)
426 3455 565 3509 Hujus
586 3452 809 3499 sententia
827 3452 924 3499 sunt
943 3457 1092 3500 Petrus
1110 3448 1166 3495 de
1191 3454 1340 3497 Mate·
1361 3448 1546 3504 ‚Natah
1564 3449 1689 3498 Alex.
1706 3479 1721 3507 ,
1759 3450 1874 3498 Elias
1907 3454 1982 3497 Du
2009 3448 2087 3496 Pin
2113 3480 2128 3509 ‚
2156 3447 2318 3509 Iuenin
2336 3477 2355 3505 5
2390 3449 2439 3498 ἅ
2466 3444 2680 3503 Valefiut,

293 3554 308 3563 .
437 3535 627 3583 quorum
658 3519 836 3566 ultimus
858 3522 1103 3573 Lanuuium
1129 3532 1184 3564 ex
1207 3515 1398 3580 professo
1418 3513 1649 3563 refutavit.

310 3587 391 3656 (e)
431 3590 498 3635 Ex
526 3587 612 3635 hoc
635 3589 825 3637 Conone
854 3585 1059 3635 hodierni
1095 3584 1279 3636 δοόὶιείἰ
1314 3596 1628 3652 argumentum
1658 3596 1818 3635 centia
1850 3583 2088 3637 Primatum
2127 3582 2321 3635 Romani
2347 3580 2586 3635 Pontificio
2602 3581 2687 3635 de·

440 3667 676 3722 promunt·

2922 2422 2950 2566 m*-

2926 3253 2932 3275 .-
2916 3188 2941 3225 Ἣ,
2920 3011 2945 3181 m
2921 2984 2934 3009 *af
