2970 3918
286 213 424 280 126
1031 223 1037 231 ·
1109 196 1303 292 Caput
1338 196 1422 268 η.
1470 201 1544 285 5.
1581 201 1783 272 Vnt:

286 356 583 422 Generali
613 354 736 418 VI.
755 349 1130 413 sententiam
1148 346 1569 412 damnationis
1600 349 1882 415 subierit.
1967 355 2121 414 Hoc
2147 353 2441 433 tempore
2461 364 2660 421 atrro:-
2731 367 2734 370 ’

282 440 537 503 cissimis
564 429 1043 525 injuriis-affe&
1082 431 1227 493 sunt
1253 432 1710 511 Apociifiarii2
1756 453 2118 517 eorumque
2150 434 2346 519 aliqui
2375 438 2563 499 etiam
2591 438 2667 498 in

286 523 546 586 exilium
571 519 874 598 relegati,
918 527 1116 596 prout
1145 513 1390 576 constat
1431 514 1512 579 de
1544 516 1824 579 Martino
1850 516 2069 598 postea
2095 519 2400 580 Romano
2439 518 2665 581 Ponti-

283 608 448 680 fice,
481 618 675 683 quem
703 600 771 661 in
800 595 1264 661 Chersonesum
1303 597 1487 661 fuiffe
1508 601 1863 682 relegatum
1898 600 2189 683 legimus.
2222 676 2225 678 ‚
2276 600 2428 664 Post
2457 600 2667 662 extin-

286 688 449 751 stam
488 681 757 749 haeresm
782 680 1363 744 Monothelitarum
1395 681 1843 745 Constantinus
1871 685 2242 766 Pogonatus
2268 683 2450 746 usum
2475 685 2666 763 Apo÷

284 764 804 833 crifiariorum-in
830 765 1063 844 palatio
1086 762 1501 826 residentium
1531 764 1866 830 restituere
1896 766 2311 845 procuravit,
2349 787 2422 828 ea
2452 778 2668 828 tamen

290 857 469 937 lege,
503 862 579 914 ut
600 846 1048 927 Apocrisiariis
1078 845 1144 907 in
1174 847 1313 909 aula
1340 849 1759 927 Imperatoria
1786 848 2264 912 remanentibus
2293 849 2492 911 libera
2514 848 2669 910 esset

290 934 515 1021 agendi
535 933 799 997 facultas
829 929 894 992 in
922 927 1219 992 omnibus
1246 930 1516 1012 negotiis
1545 930 1656 993 seu
1677 928 1875 994 fidem
1898 937 2007 998 seu
2030 929 2423 1009 disciplinam
2436 932 2669 995 Eccle-

291 1018 591 1084 siasticam
615 1012 1097 1095 respicientibus
1113 1051 1135 1088 a
1181 1013 1338 1095 quin
1365 1010 1441 1074 ad
1467 1012 1671 1091 ipsum
1688 1013 2077 1079 Pontificem
2102 1012 2427 1076 referendi
2452 1011 2670 1076 neces·—

292 1103 432 1166 sitas
462 1100 656 1162 foret.
741 1097 1000 1162 Verum
1033 1094 1316 1158 suboluit
1360 1095 1664 1159 Pontifex
1701 1099 1970 1160 latentes
1997 1099 2054 1159 la
2101 1115 2301 1173 neos>
2345 1114 2510 1179 quos
2543 1113 2673 1156 am·-

290 1184 460 1249 bitio-
486 1179 989 1246 Patriarcharum
1023 1175 1508 1258 Constantinop.
1542 1179 1891 1257 struxerat>
1927 1179 2039 1263 qui
2085 1198 2190 1243 uae
2218 1178 2378 1242 sedis
2403 1176 2678 1258 amplifi-

250 1308 265 1325 .
292 1265 508 1333 candis
543 1262 908 1327 honoribus
927 1262 1175 1340 semper
1203 1260 1471 1338 intenti,
1514 1272 1589 1324 ut
1622 1261 2100 1341 Apocrifiarios
2126 1264 2193 1326 in
2225 1260 2396 1324 suam
2421 1260 2677 1322 senten-

290 1352 444 1415 tiam
466 1348 534 1412 in
555 1346 750 1410 rebus
770 1343 958 1407 novis
988 1340 1450 1406 constituendis
1483 1346 1959 1423 pertraherent,
2001 1356 2256 1408 terrore
2291 1344 2352 1408 &
2386 1341 2572 1406 minis
2596 1339 2677 1404 ad

294 1428 817 1515 extorquendum
854 1446 1087 1490 eorum
1121 1424 1497 1488 consensum
1532 1426 1627 1488 usi
1659 1425 1824 1489 sunt.
1909 1429 2009 1490 Ne
2036 1438 2251 1491 tamen
2275 1426 2414 1489 talis
2442 1424 2676 1488 immu-

293 1517 454 1581 tatio
485 1516 636 1579 effet
664 1512 793 1574 fine
819 1510 998 1572 omni
1021 1508 1179 1571 fuco
1208 1507 1269 1571 &
1293 1511 1558 1584 colore,
1580 1508 2111 1573 consultiffimum
2138 1512 2262 1574 effe
2275 1507 2676 1587 judicabant,

296 1601 346 1664 si
376 1596 760 1663 authoritate
794 1591 973 1656 Sedis
991 1589 1396 1671 Apostolieae
1424 1591 1920 1666 communirent.
1985 1580 2209 1677 Quare
2227 1595 2372 1657 Leo·
2394 1594 2476 1653 ΙΙ.
2503 1592 2678 1653 Pon-

300 1684 459 1747 tifex
502 1681 685 1743 suum
715 1674 1225 1755 Apocrisiarium
1253 1673 1337 1734 ita
1365 1668 1699 1751 instruxit,
1738 1684 1814 1737 ut
1839 1675 1900 1740 &
1930 1674 2342 1755 Imperatoris
2373 1670 2676 1752 petitioni

297 1764 682 1830 satisfaceret
699 1800 729 1837 7.
765 1759 824 1822 &
852 1758 982 1821 suae
1011 1754 1416 1833 authoritati,
1457 1755 1634 1820 bono
1684 1775 1770 1820 ue
1800 1758 2110 1832 Ecclesiae
2143 1779 2278 1822 non
2295 1754 2678 1837 praejudica-

299 1860 419 1914 ret.
516 1845 774 1909 Verum
807 1842 1001 1920 paulo
1033 1838 1178 1919 post
1215 1837 1378 1923 hanc
1421 1837 1648 1901 mitten
1695 1839 1714 1901 i
1756 1840 2235 1919 Apocrifiarios
2266 1835 2679 1905 consuetudi-

300 1950 453 1996 nem
478 1925 695 1990 denuo
710 1925 1119 1986 restauratam
1147 1919 1227 1982 de
1249 1939 1434 2005 novo
1459 1919 1804 2002 interrupit
1822 1922 2082 1985 haeresis
2101 1919 2680 1999 Iconoclastarum,

305 2016 366 2081 &t
396 2009 713 2076 societatis
752 2002 1283 2068 communionem
1312 2002 1395 2064 ita
1419 2001 1706 2082 abrupit,
1753 2014 1828 2066 ut
1863 2003 2220 2070 Pontifices
2245 2004 2327 2068 de
2354 2002 2682 2066 mittendis

301 2091 726 2177 Apocrisariis
760 2106 1021 2151 omnem
1056 2105 1275 2147 curam
1306 2083 1741 2163 deposuerint.
1834 2085 2125 2149 Demum
2156 2087 2271 2151 sub
2305 2087 2531 2148 Leone
2557 2088 2680 2148 ΙΙΙ.

305 2175 569 2263 quando
588 2175 874 2236 Carolus
909 2172 1001 2233 M.
1031 2166 1382 2247 Imperium
1407 2169 1783 2230 Romanum
1806 2167 2122 2245 restituit,
2167 2168 2269 2232 hae
2297 2167 2682 2251 Legationes

303 2265 368 2328 fe
398 2258 540 2341 ipsis
575 2255 923 2318 desierunt.
1025 2251 1135 2313 Ab
1179 2250 1302 2312 illo-
1333 2266 1490 2332 ergo
1513 2260 1810 2328 tempore
1829 2250 2113 2313 Romani
2137 2250 2490 2320 Pontifices
2528 2247 2679 2312 suos

301 2339 722 2423 Responfales
769 2335 837 2398 in
882 2334 1023 2396 aula
1057 2335 1530 2412 Imperatorum
1567 2329 2032 2394 Francicorum
2070 2331 2430 2396 habuerunt
2471 2346 2737 2413 usque&

304 2428 383 2493 ad
411 2423 719 2490 Carolum
748 2420 1024 2484 Calvum
1044 2455 1067 2492 7
1111 2414 1220 2478 cui
1262 2413 1336 2476 ab
1363 2414 1494 2477 hoc
1535 2411 1991 2500 mittendarum
2028 2415 2423 2499 legationum
2456 2411 2687 2482 officio

300 2516 664 2578 Romanam
694 2501 910 2565 sedem
939 2498 1280 2562 absolvere
1294 2495 1556 2576 placuit.
2503 2499 2506 2501 ’

472 2589 759 2655 Multum
785 2585 953 2648 inter
984 2578 1270 2645 eruditos
1297 2578 1649 2660 disputatur
1666 2618 1692 2657 5
1717 2599 1793 2666 an
1822 2577 1888 2641 hi
1907 2576 2327 2659 Responsales
2351 2601 2498 2646 cum
2525 2622 2550 2660 a
2570 2582 2686 2647 vel

305 2679 437 2742 sine
455 2667 903 2754 jurisdifitione
939 2663 1101 2732 missi
1124 2662 1367 2726 fuerint
1395 2668 1424 2728 ’ἑ
1478 2666 1707 2727 Petrus
1744 2660 1826 2724 de
1862 2664 2080 2726 Marca
2112 2664 2422 2728 existimat
2459 2704 2483 2741 2
2529 2664 2687 2728 huic

305 2755 562 2826 muneri
587 2754 827 2815 nullam
861 2748 1047 2812 fuisse
1079 2765 1385 2810 annexam
1401 2743 1942 2826 J'urisdiffionem‚
1962 2762 2178 2829 neque
2207 2746 2687 2828 Apocrifiarios
2718 2748 2721 2750 ’

308 2844 490 2908 aliam
517 2836 798 2902 habuisse
829 2831 1211 2914 potestatem
1235 2869 1260 2908 2
1298 2847 1489 2913 quam
1515 2825 1866 2904 monendi,
1896 2825 2219 2901 referendi
2238 2830 2417 2909 ,invi
2462 2829 2686 2909 ilandi3

307 2917 756 3006 interpellandi
781 2914 1026 2999 &c.(a)
1089 2910 1519 2976 Thomafinus
1547 2919 1812 2974 econtra
1848 2910 2113 2974 illorum
2166 2849 2690 2990 jurisdifiionem
2790 2912 2806 2923 Χ

310 3010 542 3073 mirum
572 3004 639 3066 in
663 2999 933 3064 modum
956 2995 1214 3060 extollit
1244 2995 1313 3060 δι.
1331 2991 1714 3073 amplificat)
1761 2991 1822 3056 &
1845 3002 1920 3055 ut
1950 2993 2085 3056 suae
2119 2991 2452 3060 sententiae
2483 2997 2689 3059 robur

310 3087 618 3157 conciliet
644 3124 670 3161 ς,
694 3080 877 3145 affert
906 3079 1273 3159 exemplum
1313 3076 1550 3159 Pelagii
1585 3073 2005 3155 Apocrisiarii
2028 3081 2064 3138 a
2081 3076 2333 3172 vigilio
2349 3077 2689 3144 Pontifice

311 3171 472 3239 missi
492 3211 520 3247 a
555 3167 668 3251 qui
693 3165 761 3229 in
792 3162 1196 3243 depositione
1227 3158 1408 3223 Pauli
1438 3157 1739 3238 Episcopi
1770 3157 2068 3223 Gazenfis
2106 3161 2464 3240 primariam
2498 3173 2691 3243 pote·-

311 3259 534 3321 statem
561 3267 695 3331 prae
736 3247 987 3311 caeteris
1014 3241 1346 3325 Episcopis
1380 3240 1796 3322 praesentibus
1824 3240 2135 3306 exercuit.
2152 3241 2271 3326 (b)
2343 3247 2554 3309 Porro
2579 3263 2692 3307 au-

315 3353 451 3404 tem
489 3333 837 3413 praeplacet
869 3327 1179 3392 sententia
1205 3322 1384 3389 Petri
1409 3322 1491 3388 de
1521 3327 1737 3388 Mai-ca
1765 3345 1784 3384 τ
1827 3323 1974 3406 quia
2004 3343 2139 3387 non
2175 3325 2413 3411 legitur
2444 3366 2468 3406 2
2507 3324 2691 3410 quod

313 3414 736 3503 Apocrifiarii
759 3411 1038 3494 aliq'uam
1060 3406 1582 3493 jurisdiffionem
1602 3405 2031 3474 exercuerint.
2067 3409 2297 3496 Neque
2321 3409 2692 3476 consultum

315 3591 397 3655 (a)
428 3590 507 3635 De
527 3574 850 3637 Cosconi-lib.
864 3592 911 3636 5·
928 3584 969 3629 §-
996 3577 1078 3626 ιθ.
2533 3490 2686 3564 fms‘

311 3659 394 3726 (b)
426 3655 525 3703 Lib.
545 3667 594 3707 ι,
615 3663 709 3715 cap.
730 3650 846 3705 108·
864 3650 924 3697 N.
954 3658 974 3689 ι
983 3658 1032 3707 7.
