2970 3918
943 167 1056 241 De
1087 159 1490 238 Monarchia
1519 160 1942 255 Ecclefiastica.
2485 185 2610 250 113

239 324 358 403 sit,
389 335 465 388 ut
495 320 577 387 de
599 317 1028 385 mnsaffione
1052 334 1204 379 cum
1229 315 1365 397 ipso
1395 313 1684 381 facienda
1709 316 2159 401 cogitaremus,
2258 311 2480 378 Liceat
2510 316 2626 400 igi-

243 421 393 486 tur9
423 404 580 492 quid
605 403 792 469 nobis
815 399 1151 476 videatur9
1189 399 1393 462 libere
1424 400 1704 464 edicere.
1758 402 1987 482 Itaque
2020 414 2141 460 nos
2180 395 2444 479 utrique
2486 399 2623 460 sen-

243 492 469 554 tentiae
519 489 582 553 &
626 481 1004 550 Thomasini
1034 522 1057 559 9
1104 481 1164 544 δε
1193 481 1468 561 Dupinii
1498 479 1739 567 aliquid
1784 480 2004 545 damus
2033 519 2056 558 9
2098 480 2160 544 &
2198 477 2439 564 aliquid
2473 480 2626 544 reti*

243 592 470 637 nemus
498 611 521 648 9
564 569 995 649 putamusque
1026 602 1050 641 9
1094 563 1432 647 utriusque
1471 562 1845 628 sententiam
1890 564 1957 627 in
1998 563 2306 626 auxilium
2342 563 2467 627 ess'e
2503 585 2626 631 vo-

243 655 545 730 candam,
586 660 662 713 ut
705 647 1012 711 sinceram
1048 644 1481 710 Patriarclialis
1508 647 1825 726 dignitatis
1845 645 2162 730 originem
2181 647 2626 727 exploremus9

243 754 437 822 atque
468 732 630 796 adeo
656 730 832 794 illam
865 741 1006 792 tum
1030 727 1106 789 ab
1133 727 1439 792 Ecclesiis
1468 723 1842 795 Mati-icibus
1863 733 2105 794 aPetro
2144 727 2463 810 fundatis9
2486 742 2630 796 tum

240 823 319 884 ab
351 816 619 882 urbibus
660 809 1146 892 Metropolibus
1175 809 1299 872 effe
1331 810 1766 877 derivandam.
1870 815 2030 876 Inne
2076 812 2238 876 abile
2284 813 2457 878 enim
2501 813 2629 878 effe

241 900 546 976 videtur9
587 895 770 980 quod
803 892 1137 980 praesentia
1165 891 1344 956 Petri
1382 894 1781 959 &institutio
1814 914 1933 976 per
1962 896 2024 976 ip
2053 916 2166 959 um
2204 893 2370 961 fasta
2397 899 2630 963 Eccle-

240 985 343 1050 fiis
383 981 650 1047 noviter
677 976 979 1043 institutis
1008 974 1389 1058 singularem
1426 976 1748 1042 honorem
1774 977 2222 1042 conciliaverit
2248 1018 2271 1056 9
2311 979 2372 1043 &
2407 1000 2632 1064 quam-

244 1069 388 1133 dam
413 1062 622 1129 veluti
649 1059 1024 1148 particulam
1047 1056 1464 1151 plenitudinis
1491 1080 1571 1123 ex
1595 1060 1698 1140 pia
1715 1101 1740 1139 9
1770 1080 1975 1145 eaque
2001 1061 2272 1125 comuni
2290 1060 2630 1128 hominum

243 1148 666 1218 aestimatione
684 1147 751 1208 in
777 1165 876 1209 eas
897 1139 1329 1207 transfuderit.
1369 1140 1496 1204 Sed
1526 1143 1587 1207 &
1615 1144 1889 1206 alterum
1913 1144 2270 1228 innegabile
2290 1144 2381 1208 est
2403 1186 2426 1224 9
2449 1145 2634 1231 quod

245 1255 328 1299 ex
355 1233 484 1314 ipsa
513 1229 821 1314 dignitate
850 1225 985 1292 loci
1006 1222 1308 1291 Ecclesiis
1348 1222 1432 1286 sir.
1506 1225 1675 1289 ilaris
1705 1223 2024 1310 dignitatis
2063 1245 2278 1309 praero
2324 1229 2491 1293 ativa
2530 1250 2635 1293 ac-

245 1315 494 1382 cefferit
521 1335 538 1376 z
579 1331 775 1398 quare
802 1308 1108 1403 non-sine
1139 1242 1717 1402 Numine-{ivum
1745 1307 1988 1399 factum
2015 1311 2140 1374 effe
2174 1311 2304 1374 exii
2334 1311 2633 1392 imamus9

293 1398 432 1463 uod
476 1400 709 1462 Petrus
768 1394 898 1475 ipse
943 1412 1012 1456 in
1072 1409 1295 1475 primis
1327 1389 1561 1482 ‘tribus
1601 1390 1869 1456 urbibus
1920 1395 2216 1457 Romana
2263 1414 2379 1477 per
2434 1397 2637 1461 Occi-

293 1494 508 1546 entem
532 1518 557 1558 9
596 1477 1014 1545 Antiochena
1049 1494 1170 1556 per
1220 1474 1562 1540 Orientem
1587 1515 1611 1554 9
1654 1472 2092 1541 Alexandrina
2140 1496 2258 1557 per
2292 1479 2637 1545 Meridiem

245 1563 590 1632 instituerit
618 1561 955 1630 Ecclesias.
1009 1559 1101 1624 Ut
1133 1553 1292 1640 quid
1313 1576 1469 1643 ergo
1497 1561 1733 1625 mirum
1761 1599 1786 1639 9
1829 1557 2011 1643 quod
2040 1558 2352 1624 Christani
2390 1561 2496 1626 has
2510 1567 2636 1628 Ec-

246 1649 464 1716 clesias
497 1646 795 1734 singulari
821 1644 1075 1708 honore
1116 1638 1363 1704 fuerint
1394 1641 1721 1723 prosecuti
1744 1681 1768 1720 9
1804 1662 1941 1727 quo
1964 1641 2210 1708 fastum
2235 1643 2363 1723 est9
2393 1658 2469 1710 ut
2493 1666 2636 1710 mo·-

245 1734 426 1798 ribus
440 1730 673 1814 populi
699 1730 761 1796 &
786 1728 1073 1810 ipsorum
1096 1722 1570 1807 Episcoporum
1594 1725 1965 1790 sublimiora
1982 1726 2280 1811 quaedam
2295 1726 2465 1808 jura9
2484 1749 2641 1814 quae

247 1833 563 1881 vocamus
597 1809 1042 1880 Patriarchalia
1071 1846 1094 1885 9
1135 1808 1247 1870 vel
1274 1811 1567 1889 expresso
1598 1849 1622 1888 9
1650 1811 1763 1872 vel
1802 1807 1999 1872 tacito
2046 1809 2364 1873 consensu
2395 1811 2465 1875 in
2499 1816 2639 1877 illa-

248 1920 395 1964 rum
421 1896 854 1964 Ecclefiarum
896 1889 1257 1973 Episcopos
1307 1889 1553 1954 fuerint
1590 1894 1903 1956 translata.
1999 1894 2228 1978 Atque
2262 1892 2409 1958 haec
2444 1896 2638 1961 nobis

247 1983 511 2046 videtur
541 1978 812 2045 omnino
862 1971 1204 2039 certiffima
1235 1972 1546 2039 sententia
1573 2015 1596 2053 9
1649 1994 1841 2070 quam
1882 1975 2227 2040 confirmat
2266 1979 2639 2045 communis

245 2067 632 2147 scriptorum
654 2056 1251 2151 Ecclesiasticorum
1286 2057 1514 2138 opinio
1532 2099 1555 2136 9
1586 2079 1698 2143 qui
1723 2058 1929 2122 ferme
1951 2077 2175 2123 omnes
2213 2057 2456 2126 docent
2484 2062 2635 2147 (209

290 2146 440 2214 uod
457 2145 890 2214 Ecclesiarum
924 2140 1156 2205 divisio
1177 2149 1363 2218 Juxta
1395 2161 1688 2207 normam
1730 2139 2061 2208 divisionis
2095 2143 2360 2224 Imperii
2398 2145 2642 2211 fuerit..

280 2232 454 2312 aeta9
493 2229 582 2294 in
614 2240 693 2292 ut
719 2227 828 2292 illa
857 2221 1144 2290 Ecclesia
1172 2219 1373 2290 fuerit
1407 2223 1899 2306 Metropolitica
1935 2266 1958 2303 9
1997 2243 2149 2310 quae
2182 2227 2310 2292 fuit
2350 2230 2641 2301 Ecclesia

251 2317 403 2378 Urbis
437 2309 756 2394 Metropolis
792 2332 808 2373 z
852 2326 991 2370 rem
1029 2303 1418 2396 illustremus
1448 2307 1762 2401 aptissimo
1806 2311 2107 2388 exemplo
2139 2331 2153 2371 :
2191 2308 2281 2374 sic
2311 2312 2486 2375 enim
2510 2317 2639 2378 Ec·-

249 2394 440 2463 clesia
474 2389 1022 2479 Jerosolymitanax
1044 2405 1339 2479 omnium
1384 2390 1805 2474 antiquiffima
1828 2430 1851 2468 9
1906 2389 1968 2452 δε
1994 2391 2214 2471 postea
2245 2389 2480 2460 effesta
2524 2399 2639 2460 Pa-

249 2475 599 2545 triarchalis
628 2471 896 2556 simplex
925 2470 1051 2535 fuit
1067 2473 1349 2535 Paraecia
1374 2470 1759 2556 suffraganea
1785 2471 2115 2540 Caesareae.
2179 2474 2285 2540 Sic
2315 2478 2379 2542 δε
2406 2482 2638 2548 Eccle-

248 2564 334 2628 sia
369 2554 1077 2637 Constantinopolitana
1124 2551 1241 2615 suo
1285 2565 1598 2638 tempore⁴
1635 2554 1713 2619 ad
1754 2557 2126 2639 supremum
2161 2556 2478 2644 dignitatis
2524 2565 2639 2635 Pa-

249 2642 599 2711 triarchalis
629 2638 878 2722 apicem
906 2637 1236 2702 sublimata
1269 2637 1428 2703 nihil
1460 2654 1593 2706 erat
1624 2638 1798 2704 aliud
1819 2681 1842 2720 9
1871 2659 2063 2727 quam
2091 2639 2474 2729 suffraganea
2512 2649 2640 2711 Ec-

251 2727 443 2796 clesia
467 2720 935 2792 Hieracleensis
967 2743 982 2784 ε
1028 2720 1089 2786 &
1127 2725 1381 2813 quare?
1429 2742 1563 2787 non
1603 2742 1683 2786 ex
1730 2723 1868 2805 alia.
1882 2723 2139 2792 ratione
2159 2766 2182 2805 9
2227 2748 2417 2811 quam
2458 2729 2640 2813 quod

255 2810 540 2877 Caesarea
572 2806 777 2873 fuerit
801 2806 1193 2886 Metropolis
1225 2823 1346 2885 per
1380 2807 1775 2872 Palaestinam
1797 2848 1821 2886 9
1851 2807 2192 2881 Hieraclea
2228 2830 2392 2876 vero
2430 2815 2505 2876 ab
2546 2816 2640 2880 in-

256 2893 438 2961 fenso
463 2889 775 2972 Septimio
799 2888 1046 2984 Severo
1074 2886 1255 2975 supra
1269 2891 1650 2975 Byzantium
1675 2886 2002 2956 sublimata
2027 2891 2246 2958 fuerit.

422 2977 524 3041 Ex
571 2976 773 3036 lorata
801 2991 1048 3057 origine
1068 2973 1575 3041 Patriarcharum
1604 2975 1716 3039 seu
1738 2972 2054 3060 dignitatis
2079 2976 2516 3044 Patriarchalis
2543 2982 2645 3044 ul-

256 3060 457 3127 terius
546 3053 964 3150 ispiciendum
990 3096 1016 3136 9
1057 3078 1184 3141 qua
1221 3056 1474 3123 ratione
1521 3057 1734 3124 eidem
1780 3058 2070 3123 moribus
2107 3064 2336 3143 populi
2368 3103 2391 3141 9
2433 3063 2495 3128 &
2532 3063 2640 3128 de-

255 3143 450 3212 cretis
480 3137 790 3208 Ecclesiae
829 3157 1071 3219 majora
1091 3145 1489 3209 incrementa
1515 3182 1539 3222 9
1581 3139 1808 3221 &jura
1837 3141 2229 3210 accesserint.
2315 3144 2644 3225 Indubita-

255 3242 322 3293 ta
356 3224 544 3291 nobis
572 3241 676 3288 res
703 3221 796 3288 est
820 3261 844 3301 9
902 3222 1085 3307 quod
1118 3224 1422 3293 Ecclefiis
1449 3228 1769 3290 Romanae
1793 3265 1818 3304 9
1852 3224 2315 3293 Alexandrinae
2350 3270 2370 3308 9
2409 3230 2470 3294 82
2502 3235 2644 3293 An-

255 3310 584 3402 tiochenae
606 3325 723 3400 p-er
745 3305 947 3388 prima
969 3305 1088 3372 tria
1107 3312 1358 3377 Saecula
1390 3310 1456 3374 in
1481 3307 1616 3373 dies
1650 3309 1809 3374 novi
1846 3310 2174 3375 honorum
2203 3351 2226 3390 9
2268 3314 2644 3400 privilegio-

256 3414 405 3462 rum
428 3411 502 3458 ac
531 3409 778 3473 jurium
815 3391 1063 3458 cumuli
1091 3413 1174 3460 ex
1209 3392 1499 3542 moriblus
1546 3390 1860 3460 Ecclesiae
1904 3393 2282 3465 advenerint
2308 3439 2333 3482 9
2381 3410 2643 3467 eorum-

1395 3541 1402 3548 .
2559 3503 2644 3552 ue

257 3567 343 3639 (a)
374 3565 484 3626 vu.
508 3564 729 3625 abacos
748 3564 927 3625 ΒΜ.
947 3583 1028 3638 ι4.
1055 3566 1117 3625 de
1134 3572 1380 3634 Provinciis
1407 3569 1732 3641 aeclesiasticis.
2515 3504 2557 3568 q
