2970 3918
964 122 1077 206 De
1107 127 1497 205 fflerarcbia
1517 125 1948 224 ‘Ecclefiasticm
2490 152 2568 216 13
2585 156 2627 220 9

245 302 354 352 rus
387 283 601 350 fuiss'et
636 282 1110 350 controversias
1137 286 1166 347 ‚⁷
1246 284 1413 347 Nam
1443 279 1521 345 ad
1556 281 1948 346 Pontificem
1980 279 2230 360 semper
2273 278 2634 358 confugere

244 390 370 432 nec
396 369 763 433 consultum
785 408 808 446 ,
836 384 962 429 nec
986 364 1410 427 commodum
1431 404 1456 442 ,
1484 383 1608 427 nec
1633 365 1796 428 utile
1813 405 1837 444 ,
1868 383 1990 428 nec
2019 362 2433 428 necessarium
2455 356 2637 459 v‘ide·

244 452 453 515 batur.
550 453 816 531 Semper
839 466 1208 510 convocare
1230 446 1528 530 Synodos
1557 466 1679 527 pro
1716 447 1971 531 singulis
2014 445 2212 511 causis
2251 461 2634 533 emergenti-

246 534 364 596 bus
402 532 636 612 pariter
656 543 791 594 erat
818 533 931 591 vel
970 529 1390 608 impossibile,
1427 531 1536 592 vel
1565 549 1874 613 perquam
1909 529 2170 594 difficile
2197 543 2309 594 aut
2331 544 2507 595 certe
2536 533 2631 595 in·

247 612 691 679 commodum.
747 608 1178 675 Thomasinus
1215 610 1562 686 existimat,
1587 611 1737 676 inde
1762 612 2106 693 petendam
2135 612 2262 676 effe
2289 617 2631 698 Metropo-

241 698 499 763 litatum
532 693 848 777 originem
878 733 902 771 ,
931 689 1106 754 unde
1147 694 1391 770 petitur
1435 693 1621 775 origo
1655 694 2160 760 Patriarcharum
2193 734 2218 773 ,
2277 716 2508 781 nempe
2549 701 2634 769 ab

242 777 546 846 Ecclesiis
571 774 919 848 Mattio-ibus,
950 773 1076 837 illis
1107 793 1380 852 nempe,
1427 794 1581 857 quas
1614 776 1921 857 Apostoli
1967 778 2034 841 in
2062 777 2332 844 urbibus
2367 790 2633 850 Matrin-

242 863 335 925 ὄις
362 861 475 929 seu
489 858 889 949 Metropoliticis
909 857 972 922 δε
987 854 1383 936 principibus
1408 855 1783 937 fundarunt,
1807 861 1868 925 δι
1884 860 2318 941 instituerunt,
2340 862 2642 951 adeoque

241 940 596 1023 illi3fuerint
616 937 771 1005 disti
795 938 1270 1018 Metropolitae,
1299 938 1411 1022 qui
1427 937 1692 1006 suerunt
1714 942 2016 1023 Episcopi
2034 943 2102 1006 in
2115 946 2419 1021 Ecclefiis
2436 957 2638 1013 Matri-

242 1026 419 1092 cibus:
458 1023 521 1089 &
556 1021 859 1108 quoniam
903 1019 1209 1101 Apostoli
1254 1020 1754 1112 conversionem
1842 1029 2088 1090 entium
2127 1034 2162 1090 a
2194 1030 2636 1097 celeberrimis

241 1105 527 1173 Romani
561 1103 822 1186 Imperii
848 1104 1116 1168 urbibus
1146 1122 1280 1169 non
1313 1103 1444 1165 fine
1469 1106 1754 1169 Num‘riie
1853 1108 2033 1172 ivum
2067 1109 2396 1191 incoepiss'e
2418 1154 2441 1191 ,
2474 1115 2536 1179 &
2561 1115 2636 1180 in.

243 1193 342 1256 his
367 1192 595 1273 primas
625 1184 953 1252 instituisse
990 1186 1305 1255 Ecclesias
1336 1185 1584 1250 constat
1610 1226 1634 1266 ,
1672 1190 2020 1254 necess'ario
2062 1191 2123 1255 se
2171 1194 2349 1258 uitur
2372 1237 2397 1274 ,
2445 1200 2635 1282 quod-

241 1273 545 1376 Episcopi
573 1270 848 1337 Urbium
871 1269 1507 1350 Metropoliticarum
1526 1309 1565 1347 a
1608 1290 1882 1354 quarum
1914 1276 2117 1338 Eccle
2146 1295 2228 1340 iae
2277 1293 2459 1344 erant
2499 1286 2643 1345 Mau

239 1371 395 1422 mces
426 1353 846 1436 &primariae
887 1393 912 1433 ,
959 1351 1203 1420 fuerint
1236 1351 1708 1434 Metropolitae.
1822 1354 2095 1437 Duplici
2143 1358 2209 1422 id
2246 1377 2628 1445 argumento

244 1438 433 1504 facile
466 1432 835 1512 evincitur,
887 1455 1170 1519 quorum
1212 1438 1494 1515 primum
1518 1455 1598 1499 ex
1637 1437 1773 1517 ipso
1817 1439 2086 1506 nomine
2121 1447 2476 1529 Metropolitae
2517 1447 2631 1514 de.

243 1522 566 1604 promitur
596 1561 620 1598 ,
654 1521 926 1582 alterum
959 1527 995 1583 a
1018 1517 1491 1585 consuetudine
1514 1559 1537 1596 ,
1571 1519 1726 1598 usn,
1761 1521 1822 1585 δε
1855 1525 2246 1605 experientia
2270 1527 2626 1611 derivatur,

244 1625 448 1690 quum
473 1604 706 1687 utique
741 1620 845 1664 res
874 1600 949 1664 sit
972 1601 1326 1680 notissima,
1357 1600 1538 1687 quod
1558 1603 1866 1670 Ecclesiae
1886 1605 2068 1687 Juxta
2095 1627 2388 1683 normam
2409 1612 2468 1676 δε
2498 1614 2635 1678 foi·-

242 1707 411 1754 mam
444 1684 693 1768 imperii
719 1683 962 1748 fuerint
989 1683 1344 1748 distributae
1364 1725 1385 1763 ,
1414 1684 1477 1750 δι
1495 1684 1627 1749 illae
1652 1688 1847 1771 magis
1873 1690 2226 1772 praecipuae
2244 1693 2638 1777 exstiterint,

292 1789 396 1835 uae
422 1769 689 1833 fuerunt
718 1766 1030 1832 Ecclesiae
1057 1766 1333 1833 Urbium
1372 1769 2033 1850 Metropoliticarum.
2097 1777 2317 1840 Eccur
2334 1778 2539 1859 enim,
2559 1794 2637 1846 ut

245 1794 429 1934 pupra
461 1851 772 1926 diximus,
803 1848 1092 1913 Ecclesia
1116 1848 1702 1933 Hierosolymitana
1724 1855 2157 1922 Ecclesiarum
2193 1861 2488 1926 omnium
2528 1885 2634 1927 an·

246 1934 588 2021 tiquissima
616 1973 640 2011 ,
680 1932 744 1996 &
767 1936 803 1993 ἐι
839 1930 1301 2015 Mysteriorum
1331 1930 1573 1995 ibidem
1605 1935 2021 2012 perastorum
2051 1941 2487 2025 magnitudine
2510 1988 2532 2025 ,
2570 1950 2636 2014 δε

241 2026 280 2082 a
310 2018 617 2099 primaeva
643 2011 1043 2078 institutione
1073 2054 1094 2093 ,
1139 2014 1467 2096 praecipua
1493 2056 1516 2093 ,
1555 2014 1822 2096 simplex
1864 2019 1990 2084 fuit
2018 2024 2298 2103 paroecia
2340 2026 2638 2116 suffraga-

240 2121 363 2171 nea
387 2097 695 2163 Ecclesiae
733 2096 1182 2175 CaesareensiS,
1219 2097 1333 2162 nifi
1362 2096 1545 2181 quod
1572 2097 1858 2165 Caesarea
1900 2123 2019 2184 per
2061 2106 2456 2175 Palaestinam
2494 2113 2639 2179 fue-

242 2183 328 2249 rit
365 2178 755 2262 Metropolis
781 2182 809 2242 ’ἑ
892 2182 1033 2244 Nos
1060 2181 1325 2272 utrique
1351 2181 1689 2245 sententiae
1715 2183 1962 2268 aliquid
1992 2186 2336 2256 tribuimus
2365 2234 2389 2273 ,
2428 2197 2640 2263 existi·-

242 2274 488 2332 mantes
506 2302 532 2341 ,
558 2273 904 2343 utramque
934 2260 1000 2324 in
1022 2261 1332 2327 auxilium
1360 2263 1487 2327 ess‘e
1519 2264 1878 2347 vocandam
1898 2308 1922 2347 ,
1964 2283 2039 2333 ut
2059 2270 2366 2350 sinceram
2386 2281 2639 2345 Metro·-

244 2347 593 2429 politarum
619 2343 932 2428 originem
961 2362 1279 2409 eruamus,
1364 2349 1591 2430 Itaque
1615 2366 1752 2411 non
1778 2349 2140 2434 abnuimuS,
2170 2356 2352 2441 quod
2369 2362 2635 2442 Episco-

242 2432 310 2512 pi
334 2426 612 2494 Urbium
639 2426 1269 2507 Metropoliticarum
1286 2446 1366 2491 ex
1383 2429 1511 2509 ipsa
1527 2430 1671 2493 loci
1696 2428 2001 2516 dignitate
2015 2435 2393 2522 singularem
2415 2464 2637 2528 quam-

245 2513 388 2577 dam
413 2508 961 2592 praeeminentiam
989 2512 1473 2590 mutuaverint,
1501 2511 1609 2576 sed
1640 2533 1774 2577 non
1808 2519 1999 2580 talem
2033 2559 2057 2596 ,
2092 2539 2173 2584 ex
2249 2545 2329 2587 ua
2365 2527 2633 2597 illorum

237 2591 532 2680 dignitati
558 2590 830 2673 amplior
844 2591 1179 2656 accederet
1200 2591 1565 2672 jurisdictio
1595 2596 1659 2658 in
1687 2611 1965 2664 caeteros
1982 2606 2221 2680 provin
2254 2606 2344 2672 '1‘ae
2367 2612 2636 2690 Episco-

241 2698 362 2760 pos
385 2698 403 2740 z
445 2675 589 2741 haec
617 2674 812 2760 igitur
835 2672 911 2738 ab
934 2672 1298 2741 extrinseco
1327 2676 1632 2742 advenire
1661 2677 1904 2746 debuit.
1957 2682 2095 2770 Jam
2117 2708 2283 2754 vero
2305 2693 2630 2764 undenam

241 2761 406 2826 hanc
442 2754 812 2840 profluxisse
845 2756 1272 2823 existimamus
1311 2760 1428 2824 nisi
1478 2760 1820 2828 occasione
1865 2768 2186 2836 variarum
2231 2771 2625 2860 sciffionum,

241 2843 650 2908 schismatum
688 2839 749 2905 &
786 2841 1375 2908 controversiarum
1402 2843 1570 2908 inter
1606 2842 1773 2925 ipsos
1817 2848 2176 2933 Episcopos
2221 2855 2628 2944 obortarum,

228 2956 231 2959 ,
293 2945 399 2989 uas
420 2965 444 3001 ,
474 2942 673 3005 quum
716 2942 911 2988 nemo
937 2922 1114 2987 foret
1135 2965 1159 3004 ,
1246 2928 1315 2990 ui
1345 2926 1676 2991 dirimeret
1703 2969 1727 3007 ,
1765 2943 1872 2993 aut
1900 2931 2119 2999 saltem
2157 2937 2329 3005 facili
2359 2948 2626 3039 negotio

241 2950 545 3072 dirimere
566 3004 768 3087 poffet
797 3045 825 3085 ,
855 3006 1177 3072 necess'um
1230 3010 1327 3074 uit
1354 3050 1378 3088 ,
1418 3023 1492 3074 ut
1537 3008 1793 3095 quidam
1827 3017 2292 3086 constituerent
2327 3022 2621 3111 judices,

242 3093 307 3157 &
334 3090 401 3155 in
428 3107 541 3152 eos
570 3089 845 3170 amplior
870 3087 1209 3157 dirimendi
1235 3095 1448 3159 causas
1482 3091 1760 3176 potestas
1787 3098 2362 3173 transfunderetur.
2436 3114 2624 3199 Quo-

237 3175 411 3240 niam
434 3189 597 3235 vero
621 3171 924 3254 Episcopi
947 3172 1222 3240 Urbium
1242 3175 1875 3267 Metropoliticarum
1902 3182 2161 3250 aliunde
2186 3186 2428 3271 duplici
2454 3215 2625 3277 prae-

238 3251 588 3322 eminentia
621 3272 758 3336 prae
790 3254 1039 3320 caeteris
1067 3255 1446 3325 effulserunt
1472 3300 1495 3338 ,
1542 3278 1812 3344 quarum
1838 3282 2029 3331 unam
2067 3270 2102 3332 a
2139 3265 2442 3356 dignitate
2488 3279 2626 3345 sua-

237 3359 382 3404 rum
415 3337 839 3403 Ecclesiamm
866 3377 889 3415 ,
934 3339 1167 3434 quibus
1209 3353 1525 3424 praeerant
1570 3343 1805 3427 (erant
1839 3347 2012 3414 enim
2046 3353 2361 3423 Ecclesiae
2401 3364 2623 3429 Mani—

236 3422 407 3504 ees)
449 3424 712 3510 alteram
742 3429 777 3486 a
797 3420 1099 3507 dignitate
1120 3426 1378 3496 urbium
1404 3468 1425 3508 ,
1453 3426 1517 3487 in
1544 3427 1780 3511 quibus
1818 3444 1997 3501 erant
2017 3436 2319 3526 Episcopi
2341 3484 2367 3528 ,
2402 3462 2624 3511 emen-

1430 3508 1550 3616 82-
1689 3608 1733 3620 ..
1796 3608 1797 3611 Ἴ
1870 3602 1924 3614 ..
2451 3528 2622 3596 dica-
