<?xml version="1.0" encoding="UTF-8"?>
<!DOCTYPE html PUBLIC "-//W3C//DTD XHTML 1.0 Transitional//EN"
    "http://www.w3.org/TR/xhtml1/DTD/xhtml1-transitional.dtd">
<html xmlns="http://www.w3.org/1999/xhtml" xml:lang="en" lang="en">
 <head>
  <title>
</title>
<meta http-equiv="Content-Type" content="text/html;charset=utf-8" />
  <meta name='ocr-system' content='tesseract 3.04.00' />
  <meta name='ocr-capabilities' content='ocr_page ocr_carea ocr_par ocr_line ocrx_word'/>
</head>
<body>
  <div class='ocr_page' id='page_1' title='image "./destatuecclesiae00zalluoft_0076.png"; bbox 0 0 2970 3918; ppageno 0'>
   <div class='ocr_carea' id='block_1_1' title="bbox 315 197 1792 294">
    <p class='ocr_par' dir='ltr' id='par_1_1' title="bbox 315 197 1792 294">
     <span class='ocr_line' id='line_1_1' title="bbox 315 197 1792 294; baseline -0.008 -12"><span class='ocrx_word' id='word_1_1' title='bbox 315 215 409 294; x_wconf 83' lang='lat'>56</span> <span class='ocrx_word' id='word_1_2' title='bbox 1078 205 1270 294; x_wconf 79' lang='lat' dir='ltr'>Caput</span> <span class='ocrx_word' id='word_1_3' title='bbox 1306 201 1356 272; x_wconf 91' lang='lat'>1.</span> <span class='ocrx_word' id='word_1_4' title='bbox 1404 208 1472 288; x_wconf 69' lang='lat'>§-</span> <span class='ocrx_word' id='word_1_5' title='bbox 1505 197 1792 271; x_wconf 77' lang='lat' dir='ltr'><em>XXIII.</em></span> 
     </span>
    </p>
   </div>
   <div class='ocr_carea' id='block_1_2' title="bbox 255 347 2678 3518">
    <p class='ocr_par' dir='ltr' id='par_1_2' title="bbox 255 347 2678 3518">
     <span class='ocr_line' id='line_1_2' title="bbox 307 347 2674 443; baseline 0 -18"><span class='ocrx_word' id='word_1_6' title='bbox 307 380 387 425; x_wconf 88' lang='lat' dir='ltr'>ce</span> <span class='ocrx_word' id='word_1_7' title='bbox 417 356 738 442; x_wconf 83' lang='lat' dir='ltr'>Religiosa</span> <span class='ocrx_word' id='word_1_8' title='bbox 763 373 833 419; x_wconf 87' lang='lat' dir='ltr'>ac</span> <span class='ocrx_word' id='word_1_9' title='bbox 858 350 1286 443; x_wconf 78' lang='lat' dir='ltr'>Westphalica</span> <span class='ocrx_word' id='word_1_10' title='bbox 1317 349 1429 442; x_wconf 76' lang='lat' dir='ltr'>sibi</span> <span class='ocrx_word' id='word_1_11' title='bbox 1450 347 1752 440; x_wconf 74' lang='lat' dir='ltr'>concesso</span> <span class='ocrx_word' id='word_1_12' title='bbox 1780 347 2096 416; x_wconf 83' lang='lat' dir='ltr'>exerceat.</span> <span class='ocrx_word' id='word_1_13' title='bbox 2123 352 2229 437; x_wconf 80' lang='lat' dir='ltr'>(a)</span> <span class='ocrx_word' id='word_1_14' title='bbox 2283 356 2490 422; x_wconf 88' lang='lat' dir='ltr'>Etiam</span> <span class='ocrx_word' id='word_1_15' title='bbox 2514 362 2674 428; x_wconf 79' lang='lat' dir='ltr'>hanc</span> 
     </span>
     <span class='ocr_line' id='line_1_3' title="bbox 310 431 2674 521; baseline 0.001 -16"><span class='ocrx_word' id='word_1_16' title='bbox 310 442 683 505; x_wconf 82' lang='lat' dir='ltr'>sententiam</span> <span class='ocrx_word' id='word_1_17' title='bbox 720 439 902 500; x_wconf 85' lang='lat' dir='ltr'>velut</span> <span class='ocrx_word' id='word_1_18' title='bbox 927 446 1310 498; x_wconf 83' lang='lat' dir='ltr'>contrariam</span> <span class='ocrx_word' id='word_1_19' title='bbox 1335 431 1660 511; x_wconf 83' lang='lat' dir='ltr'>prlnclplis</span> <span class='ocrx_word' id='word_1_20' title='bbox 1681 433 2154 498; x_wconf 85' lang='lat' dir='ltr'>Protestanticis</span> <span class='ocrx_word' id='word_1_21' title='bbox 2182 477 2203 512; x_wconf 88' lang='lat'>9</span> <span class='ocrx_word' id='word_1_22' title='bbox 2232 436 2552 505; x_wconf 83' lang='lat' dir='ltr'>inimicam</span> <span class='ocrx_word' id='word_1_23' title='bbox 2571 445 2674 521; x_wconf 80' lang='lat' dir='ltr'>ju-</span> 
     </span>
     <span class='ocr_line' id='line_1_4' title="bbox 310 512 2676 597; baseline 0 -11"><span class='ocrx_word' id='word_1_24' title='bbox 310 525 485 588; x_wconf 86' lang='lat' dir='ltr'>ribus</span> <span class='ocrx_word' id='word_1_25' title='bbox 530 520 898 597; x_wconf 84' lang='lat' dir='ltr'>Principum</span> <span class='ocrx_word' id='word_1_26' title='bbox 936 555 959 595; x_wconf 88' lang='lat'>9</span> <span class='ocrx_word' id='word_1_27' title='bbox 991 516 1317 580; x_wconf 88' lang='lat' dir='ltr'>faventem</span> <span class='ocrx_word' id='word_1_28' title='bbox 1355 512 1689 593; x_wconf 86' lang='lat' dir='ltr'>Episcopis</span> <span class='ocrx_word' id='word_1_29' title='bbox 1731 515 2076 580; x_wconf 87' lang='lat' dir='ltr'>Catholicis</span> <span class='ocrx_word' id='word_1_30' title='bbox 2103 559 2125 595; x_wconf 87' lang='lat'>9</span> <span class='ocrx_word' id='word_1_31' title='bbox 2169 519 2229 582; x_wconf 64' lang='lat' dir='ltr'>e&amp;</span> <span class='ocrx_word' id='word_1_32' title='bbox 2267 523 2542 585; x_wconf 82' lang='lat' dir='ltr'>Matrem</span> <span class='ocrx_word' id='word_1_33' title='bbox 2571 522 2676 587; x_wconf 82' lang='lat' dir='ltr'>ab·</span> 
     </span>
     <span class='ocr_line' id='line_1_5' title="bbox 311 594 2675 683; baseline -0 -14"><span class='ocrx_word' id='word_1_34' title='bbox 311 602 796 670; x_wconf 80' lang='lat' dir='ltr'>surdiffimarum</span> <span class='ocrx_word' id='word_1_35' title='bbox 825 599 1225 683; x_wconf 81' lang='lat' dir='ltr'>sequelaium</span> <span class='ocrx_word' id='word_1_36' title='bbox 1250 594 1528 674; x_wconf 72' lang='lat' dir='ltr'>refutat,</span> <span class='ocrx_word' id='word_1_37' title='bbox 1567 594 1809 660; x_wconf 76' lang='lat' dir='ltr'><strong>refellit</strong></span> <span class='ocrx_word' id='word_1_38' title='bbox 1844 637 1870 676; x_wconf 93' lang='lat'>9</span> <span class='ocrx_word' id='word_1_39' title='bbox 1922 619 1994 662; x_wconf 89' lang='lat' dir='ltr'>ac</span> <span class='ocrx_word' id='word_1_40' title='bbox 2031 599 2180 663; x_wconf 85' lang='lat' dir='ltr'>diris</span> <span class='ocrx_word' id='word_1_41' title='bbox 2227 602 2524 667; x_wconf 90' lang='lat' dir='ltr'>omnibus</span> <span class='ocrx_word' id='word_1_42' title='bbox 2565 600 2675 669; x_wconf 88' lang='lat' dir='ltr'>de·</span> 
     </span>
     <span class='ocr_line' id='line_1_6' title="bbox 311 678 2658 762; baseline -0.006 -11"><span class='ocrx_word' id='word_1_43' title='bbox 311 696 516 751; x_wconf 72' lang='lat' dir='ltr'>&#39;vovet</span> <span class='ocrx_word' id='word_1_44' title='bbox 550 683 656 745; x_wconf 90' lang='lat' dir='ltr'>cit.</span> <span class='ocrx_word' id='word_1_45' title='bbox 687 682 1084 745; x_wconf 80' lang='lat' dir='ltr'>BoehmeruS.</span> <span class='ocrx_word' id='word_1_46' title='bbox 1111 678 1227 762; x_wconf 82' lang='lat' dir='ltr'>(b)</span> <span class='ocrx_word' id='word_1_47' title='bbox 2656 736 2658 738; x_wconf 82' lang='grc'><strong>,</strong></span> 
     </span>
     <span class='ocr_line' id='line_1_7' title="bbox 309 756 2678 849; baseline 0 -22"><span class='ocrx_word' id='word_1_48' title='bbox 309 773 317 782; x_wconf 80' lang='grc'><strong>’</strong></span> <span class='ocrx_word' id='word_1_49' title='bbox 476 769 690 849; x_wconf 79' lang='lat' dir='ltr'>Quare</span> <span class='ocrx_word' id='word_1_50' title='bbox 722 764 851 844; x_wconf 91' lang='lat' dir='ltr'>ipse</span> <span class='ocrx_word' id='word_1_51' title='bbox 877 782 1029 827; x_wconf 91' lang='lat' dir='ltr'>cum</span> <span class='ocrx_word' id='word_1_52' title='bbox 1057 760 1191 825; x_wconf 88' lang='lat' dir='ltr'>aliis</span> <span class='ocrx_word' id='word_1_53' title='bbox 1216 777 1337 840; x_wconf 94' lang='lat' dir='ltr'>pro</span> <span class='ocrx_word' id='word_1_54' title='bbox 1366 756 1684 839; x_wconf 90' lang='lat' dir='ltr'>principio</span> <span class='ocrx_word' id='word_1_55' title='bbox 1720 759 2096 823; x_wconf 83' lang='lat' dir='ltr'>inconcuffo</span> <span class='ocrx_word' id='word_1_56' title='bbox 2133 763 2348 826; x_wconf 87' lang='lat' dir='ltr'>statuit</span> <span class='ocrx_word' id='word_1_57' title='bbox 2387 768 2678 848; x_wconf 77' lang='lat' dir='ltr'>Superiori-</span> 
     </span>
     <span class='ocr_line' id='line_1_8' title="bbox 305 841 2676 926; baseline 0 -14"><span class='ocrx_word' id='word_1_58' title='bbox 305 859 466 913; x_wconf 73' lang='lat' dir='ltr'>tatem</span> <span class='ocrx_word' id='word_1_59' title='bbox 502 848 888 910; x_wconf 77' lang='lat' dir='ltr'>territorialem.</span> <span class='ocrx_word' id='word_1_60' title='bbox 964 845 1140 907; x_wconf 85' lang='lat' dir='ltr'><strong>Huic</strong></span> <span class='ocrx_word' id='word_1_61' title='bbox 1171 856 1383 905; x_wconf 90' lang='lat' dir='ltr'>tamen</span> <span class='ocrx_word' id='word_1_62' title='bbox 1410 841 1703 921; x_wconf 89' lang='lat' dir='ltr'>opinioni</span> <span class='ocrx_word' id='word_1_63' title='bbox 1729 841 1859 904; x_wconf 90' lang='lat' dir='ltr'>sese</span> <span class='ocrx_word' id='word_1_64' title='bbox 1885 842 2433 910; x_wconf 70' lang='lat' dir='ltr'>vehementissime</span> <span class='ocrx_word' id='word_1_65' title='bbox 2465 865 2676 926; x_wconf 88' lang='lat' dir='ltr'>oppo-</span> 
     </span>
     <span class='ocr_line' id='line_1_9' title="bbox 271 922 2677 1010; baseline 0.001 -18"><span class='ocrx_word' id='word_1_66' title='bbox 271 929 401 992; x_wconf 57' lang='lat' dir='ltr'>³nit</span> <span class='ocrx_word' id='word_1_67' title='bbox 430 928 688 992; x_wconf 85' lang='lat' dir='ltr'>Psaffius</span> <span class='ocrx_word' id='word_1_68' title='bbox 729 946 879 990; x_wconf 89' lang='lat' dir='ltr'>cum</span> <span class='ocrx_word' id='word_1_69' title='bbox 929 926 1254 1008; x_wconf 79' lang='lat' dir='ltr'>plerisque</span> <span class='ocrx_word' id='word_1_70' title='bbox 1298 922 1460 987; x_wconf 89' lang='lat' dir='ltr'>DD.</span> <span class='ocrx_word' id='word_1_71' title='bbox 1497 922 1826 987; x_wconf 84' lang='lat' dir='ltr'>hodiernis</span> <span class='ocrx_word' id='word_1_72' title='bbox 1858 923 1983 986; x_wconf 83' lang='lat' dir='ltr'>illis</span> <span class='ocrx_word' id='word_1_73' title='bbox 2019 944 2256 1006; x_wconf 88' lang='lat' dir='ltr'>nempe</span> <span class='ocrx_word' id='word_1_74' title='bbox 2294 968 2317 1004; x_wconf 93' lang='lat'>9</span> <span class='ocrx_word' id='word_1_75' title='bbox 2362 929 2475 1010; x_wconf 91' lang='lat' dir='ltr'>qui</span> <span class='ocrx_word' id='word_1_76' title='bbox 2507 929 2677 994; x_wconf 83' lang='lat' dir='ltr'>inter</span> 
     </span>
     <span class='ocr_line' id='line_1_10' title="bbox 295 1003 2673 1092; baseline 0 -21"><span class='ocrx_word' id='word_1_77' title='bbox 295 1013 451 1092; x_wconf 79' lang='lat' dir='ltr'>Jura</span> <span class='ocrx_word' id='word_1_78' title='bbox 483 1011 812 1090; x_wconf 71' lang='lat' dir='ltr'>Majeliatica</span> <span class='ocrx_word' id='word_1_79' title='bbox 833 1055 849 1081; x_wconf 88' lang='lat'><strong>‚</strong></span> <span class='ocrx_word' id='word_1_80' title='bbox 879 1008 940 1073; x_wconf 85' lang='lat'>&amp;</span> <span class='ocrx_word' id='word_1_81' title='bbox 974 1007 1269 1092; x_wconf 77' lang='lat' dir='ltr'>Collegialia</span> <span class='ocrx_word' id='word_1_82' title='bbox 1294 1003 1684 1089; x_wconf 47' lang='lat' dir='ltr'>‘distinguere</span> <span class='ocrx_word' id='word_1_83' title='bbox 1714 1007 1924 1068; x_wconf 86' lang='lat' dir='ltr'>solent</span> <span class='ocrx_word' id='word_1_84' title='bbox 1945 1046 1969 1082; x_wconf 86' lang='lat'>9</span> <span class='ocrx_word' id='word_1_85' title='bbox 2020 1007 2081 1070; x_wconf 90' lang='lat'>&amp;</span> <span class='ocrx_word' id='word_1_86' title='bbox 2110 1014 2144 1070; x_wconf 81' lang='lat' dir='ltr'>a</span> <span class='ocrx_word' id='word_1_87' title='bbox 2174 1011 2360 1071; x_wconf 88' lang='lat' dir='ltr'>nobis</span> <span class='ocrx_word' id='word_1_88' title='bbox 2389 1030 2546 1072; x_wconf 81' lang='lat' dir='ltr'>mox</span> <span class='ocrx_word' id='word_1_89' title='bbox 2580 1012 2673 1072; x_wconf 90' lang='lat' dir='ltr'>ci-</span> 
     </span>
     <span class='ocr_line' id='line_1_11' title="bbox 300 1086 2674 1175; baseline -0.001 -17"><span class='ocrx_word' id='word_1_90' title='bbox 300 1093 607 1158; x_wconf 82' lang='lat' dir='ltr'>tabuntur</span> <span class='ocrx_word' id='word_1_91' title='bbox 624 1129 649 1168; x_wconf 95' lang='lat'>9</span> <span class='ocrx_word' id='word_1_92' title='bbox 686 1103 877 1175; x_wconf 89' lang='lat' dir='ltr'>atque</span> <span class='ocrx_word' id='word_1_93' title='bbox 904 1086 1232 1174; x_wconf 89' lang='lat' dir='ltr'>sequentia</span> <span class='ocrx_word' id='word_1_94' title='bbox 1247 1097 1386 1149; x_wconf 88' lang='lat' dir='ltr'>tum</span> <span class='ocrx_word' id='word_1_95' title='bbox 1415 1100 1818 1172; x_wconf 78' lang='lat' dir='ltr'>argumenta9</span> <span class='ocrx_word' id='word_1_96' title='bbox 1849 1098 1986 1150; x_wconf 92' lang='lat' dir='ltr'>tum</span> <span class='ocrx_word' id='word_1_97' title='bbox 2010 1089 2273 1154; x_wconf 89' lang='lat' dir='ltr'>absurda</span> <span class='ocrx_word' id='word_1_98' title='bbox 2297 1091 2446 1154; x_wconf 89' lang='lat' dir='ltr'>inde</span> <span class='ocrx_word' id='word_1_99' title='bbox 2469 1094 2674 1156; x_wconf 84' lang='lat' dir='ltr'>fluen-</span> 
     </span>
     <span class='ocr_line' id='line_1_12' title="bbox 302 1170 2676 1254; baseline 0 -16"><span class='ocrx_word' id='word_1_100' title='bbox 302 1178 389 1239; x_wconf 85' lang='lat' dir='ltr'>tia</span> <span class='ocrx_word' id='word_1_101' title='bbox 422 1173 682 1254; x_wconf 79' lang='lat' dir='ltr'>objicit:</span> <span class='ocrx_word' id='word_1_102' title='bbox 726 1193 895 1237; x_wconf 90' lang='lat' dir='ltr'>1.mo</span> <span class='ocrx_word' id='word_1_103' title='bbox 937 1173 1135 1249; x_wconf 85' lang='lat' dir='ltr'>stante</span> <span class='ocrx_word' id='word_1_104' title='bbox 1172 1171 1290 1232; x_wconf 88' lang='lat' dir='ltr'>hac</span> <span class='ocrx_word' id='word_1_105' title='bbox 1318 1188 1360 1230; x_wconf 94' lang='lat' dir='ltr'>o</span> <span class='ocrx_word' id='word_1_106' title='bbox 1409 1170 1627 1234; x_wconf 89' lang='lat' dir='ltr'>inione</span> <span class='ocrx_word' id='word_1_107' title='bbox 1654 1170 1939 1239; x_wconf 79' lang='lat' dir='ltr'>Ecclesia</span> <span class='ocrx_word' id='word_1_108' title='bbox 1970 1172 2530 1237; x_wconf 76' lang='lat' dir='ltr'>transformabitur</span> <span class='ocrx_word' id='word_1_109' title='bbox 2561 1173 2676 1238; x_wconf 83' lang='lat' dir='ltr'>in..</span> 
     </span>
     <span class='ocr_line' id='line_1_13' title="bbox 298 1250 2674 1337; baseline -0.002 -14"><span class='ocrx_word' id='word_1_110' title='bbox 298 1256 794 1337; x_wconf 84' lang='lat' dir='ltr'>Rempublicam</span> <span class='ocrx_word' id='word_1_111' title='bbox 822 1295 845 1332; x_wconf 90' lang='lat'>9</span> <span class='ocrx_word' id='word_1_112' title='bbox 889 1256 1018 1318; x_wconf 92' lang='lat' dir='ltr'>hoc</span> <span class='ocrx_word' id='word_1_113' title='bbox 1047 1250 1182 1333; x_wconf 91' lang='lat' dir='ltr'>ipso</span> <span class='ocrx_word' id='word_1_114' title='bbox 1211 1270 1345 1334; x_wconf 93' lang='lat' dir='ltr'>quo</span> <span class='ocrx_word' id='word_1_115' title='bbox 1412 1252 1739 1331; x_wconf 86' lang='lat' dir='ltr'>Principes</span> <span class='ocrx_word' id='word_1_116' title='bbox 1770 1252 1893 1315; x_wconf 79' lang='lat' dir='ltr'>&#39;sint</span> <span class='ocrx_word' id='word_1_117' title='bbox 1924 1255 2310 1332; x_wconf 84' lang='lat' dir='ltr'>Imperantes</span> <span class='ocrx_word' id='word_1_118' title='bbox 2330 1296 2352 1332; x_wconf 91' lang='lat'>9</span> <span class='ocrx_word' id='word_1_119' title='bbox 2385 1257 2444 1319; x_wconf 71' lang='grc' dir='ltr'>δε</span> <span class='ocrx_word' id='word_1_120' title='bbox 2473 1273 2674 1319; x_wconf 90' lang='lat' dir='ltr'>mem-</span> 
     </span>
     <span class='ocr_line' id='line_1_14' title="bbox 300 1334 2670 1413; baseline -0 -10"><span class='ocrx_word' id='word_1_121' title='bbox 300 1342 412 1404; x_wconf 87' lang='lat' dir='ltr'>bra</span> <span class='ocrx_word' id='word_1_122' title='bbox 444 1337 753 1403; x_wconf 75' lang='lat' dir='ltr'>Ecclesiae</span> <span class='ocrx_word' id='word_1_123' title='bbox 778 1337 899 1398; x_wconf 87' lang='lat' dir='ltr'>fint</span> <span class='ocrx_word' id='word_1_124' title='bbox 930 1337 1477 1413; x_wconf 84' lang='lat' dir='ltr'>obtemperantes9</span> <span class='ocrx_word' id='word_1_125' title='bbox 1515 1334 1578 1398; x_wconf 71' lang='grc' dir='ltr'>δε</span> <span class='ocrx_word' id='word_1_126' title='bbox 1610 1346 1822 1396; x_wconf 89' lang='lat' dir='ltr'>tamen</span> <span class='ocrx_word' id='word_1_127' title='bbox 1858 1353 2083 1398; x_wconf 90' lang='lat' dir='ltr'>omnes</span> <span class='ocrx_word' id='word_1_128' title='bbox 2123 1337 2188 1400; x_wconf 91' lang='lat' dir='ltr'>hi</span> <span class='ocrx_word' id='word_1_129' title='bbox 2220 1339 2383 1402; x_wconf 84' lang='lat' dir='ltr'>DD.</span> <span class='ocrx_word' id='word_1_130' title='bbox 2423 1340 2670 1402; x_wconf 87' lang='lat' dir='ltr'>Statum</span> 
     </span>
     <span class='ocr_line' id='line_1_15' title="bbox 300 1415 2675 1503; baseline -0.001 -16"><span class='ocrx_word' id='word_1_131' title='bbox 300 1421 713 1503; x_wconf 66' lang='lat' dir='ltr'>Reipublicae</span> <span class='ocrx_word' id='word_1_132' title='bbox 741 1418 818 1481; x_wconf 88' lang='lat' dir='ltr'>ab</span> <span class='ocrx_word' id='word_1_133' title='bbox 855 1417 1139 1500; x_wconf 76' lang='lat' dir='ltr'>Ecclesia</span> <span class='ocrx_word' id='word_1_134' title='bbox 1165 1418 1403 1478; x_wconf 86' lang='lat' dir='ltr'>volunt</span> <span class='ocrx_word' id='word_1_135' title='bbox 1430 1415 1553 1495; x_wconf 87' lang='lat' dir='ltr'>effe</span> <span class='ocrx_word' id='word_1_136' title='bbox 1578 1416 1945 1493; x_wconf 79' lang='lat' dir='ltr'>exclusum9</span> <span class='ocrx_word' id='word_1_137' title='bbox 1979 1418 2442 1499; x_wconf 87' lang='lat' dir='ltr'>proscriptum9</span> <span class='ocrx_word' id='word_1_138' title='bbox 2472 1420 2532 1484; x_wconf 85' lang='lat'>&amp;</span> <span class='ocrx_word' id='word_1_139' title='bbox 2560 1439 2675 1499; x_wconf 87' lang='lat' dir='ltr'>pe-</span> 
     </span>
     <span class='ocr_line' id='line_1_16' title="bbox 301 1497 2673 1589; baseline -0.002 -19"><span class='ocrx_word' id='word_1_140' title='bbox 301 1507 474 1570; x_wconf 84' lang='lat' dir='ltr'>nitus</span> <span class='ocrx_word' id='word_1_141' title='bbox 505 1503 920 1567; x_wconf 88' lang='lat' dir='ltr'>eliminatum.</span> <span class='ocrx_word' id='word_1_142' title='bbox 1005 1498 1690 1589; x_wconf 42' lang='lat' dir='ltr'>2.do·imperceptibile</span> <span class='ocrx_word' id='word_1_143' title='bbox 1729 1497 1821 1559; x_wconf 89' lang='lat' dir='ltr'>est</span> <span class='ocrx_word' id='word_1_144' title='bbox 1843 1536 1883 1574; x_wconf 60' lang='lat'>9&gt;</span> <span class='ocrx_word' id='word_1_145' title='bbox 1915 1499 2255 1580; x_wconf 89' lang='lat' dir='ltr'>quomodo</span> <span class='ocrx_word' id='word_1_146' title='bbox 2294 1501 2452 1564; x_wconf 89' lang='lat' dir='ltr'>stare</span> <span class='ocrx_word' id='word_1_147' title='bbox 2479 1503 2673 1580; x_wconf 77' lang='lat' dir='ltr'>possit</span> 
     </span>
     <span class='ocr_line' id='line_1_17' title="bbox 299 1579 2674 1666; baseline -0.003 -12"><span class='ocrx_word' id='word_1_148' title='bbox 299 1594 557 1654; x_wconf 83' lang='lat' dir='ltr'>libertas</span> <span class='ocrx_word' id='word_1_149' title='bbox 588 1585 1034 1666; x_wconf 83' lang='lat' dir='ltr'>Collegiorum</span> <span class='ocrx_word' id='word_1_150' title='bbox 1061 1583 1121 1645; x_wconf 89' lang='lat'>&amp;</span> <span class='ocrx_word' id='word_1_151' title='bbox 1154 1599 1299 1657; x_wconf 72' lang='lat' dir='ltr'>jura</span> <span class='ocrx_word' id='word_1_152' title='bbox 1330 1580 1700 1660; x_wconf 78' lang='lat' dir='ltr'>Collegialia</span> <span class='ocrx_word' id='word_1_153' title='bbox 1724 1599 1804 1641; x_wconf 84' lang='lat' dir='ltr'>ex</span> <span class='ocrx_word' id='word_1_154' title='bbox 1837 1580 1972 1658; x_wconf 92' lang='lat' dir='ltr'>ipso</span> <span class='ocrx_word' id='word_1_155' title='bbox 2002 1579 2148 1658; x_wconf 86' lang='lat' dir='ltr'>jure</span> <span class='ocrx_word' id='word_1_156' title='bbox 2177 1594 2422 1646; x_wconf 71' lang='lat' dir='ltr'>naturae</span> <span class='ocrx_word' id='word_1_157' title='bbox 2453 1585 2674 1648; x_wconf 88' lang='lat' dir='ltr'>Colle-</span> 
     </span>
     <span class='ocr_line' id='line_1_18' title="bbox 303 1658 2675 1758; baseline -0.003 -22"><span class='ocrx_word' id='word_1_158' title='bbox 303 1673 417 1758; x_wconf 83' lang='lat' dir='ltr'>giis</span> <span class='ocrx_word' id='word_1_159' title='bbox 454 1668 846 1733; x_wconf 82' lang='lat' dir='ltr'>cohaerentia</span> <span class='ocrx_word' id='word_1_160' title='bbox 874 1705 895 1742; x_wconf 89' lang='lat'>9</span> <span class='ocrx_word' id='word_1_161' title='bbox 931 1664 1027 1726; x_wconf 76' lang='lat' dir='ltr'>&#39;ea</span> <span class='ocrx_word' id='word_1_162' title='bbox 1066 1659 1393 1741; x_wconf 80' lang='lat' dir='ltr'>praecipue</span> <span class='ocrx_word' id='word_1_163' title='bbox 1425 1699 1448 1736; x_wconf 90' lang='lat'>9</span> <span class='ocrx_word' id='word_1_164' title='bbox 1505 1678 1652 1742; x_wconf 83' lang='lat' dir='ltr'>quae</span> <span class='ocrx_word' id='word_1_165' title='bbox 1695 1659 1839 1740; x_wconf 77' lang='lat' dir='ltr'>ipsis</span> <span class='ocrx_word' id='word_1_166' title='bbox 1884 1658 2073 1724; x_wconf 87' lang='lat' dir='ltr'>etiam</span> <span class='ocrx_word' id='word_1_167' title='bbox 2108 1670 2157 1724; x_wconf 79' lang='lat' dir='ltr'>in</span> <span class='ocrx_word' id='word_1_168' title='bbox 2210 1670 2316 1748; x_wconf 80' lang='lat' dir='ltr'>ipsa</span> <span class='ocrx_word' id='word_1_169' title='bbox 2359 1668 2541 1729; x_wconf 85' lang='lat' dir='ltr'>Sacra</span> <span class='ocrx_word' id='word_1_170' title='bbox 2566 1668 2675 1730; x_wconf 77' lang='lat' dir='ltr'>in..</span> 
     </span>
     <span class='ocr_line' id='line_1_19' title="bbox 304 1741 2675 1838; baseline -0.002 -21"><span class='ocrx_word' id='word_1_171' title='bbox 304 1748 781 1838; x_wconf 85' lang='lat' dir='ltr'>quamplurimis</span> <span class='ocrx_word' id='word_1_172' title='bbox 809 1745 1051 1809; x_wconf 79' lang='lat' dir='ltr'>casibus</span> <span class='ocrx_word' id='word_1_173' title='bbox 1077 1751 1460 1820; x_wconf 88' lang='lat' dir='ltr'>competunt</span> <span class='ocrx_word' id='word_1_174' title='bbox 1484 1781 1507 1819; x_wconf 95' lang='lat'>9</span> <span class='ocrx_word' id='word_1_175' title='bbox 1540 1741 1587 1804; x_wconf 84' lang='lat' dir='ltr'><strong>fi</strong></span> <span class='ocrx_word' id='word_1_176' title='bbox 1633 1746 1743 1826; x_wconf 79' lang='lat' dir='ltr'>Jus</span> <span class='ocrx_word' id='word_1_177' title='bbox 1779 1747 1831 1804; x_wconf 82' lang='lat' dir='ltr'>in</span> <span class='ocrx_word' id='word_1_178' title='bbox 1861 1748 2016 1820; x_wconf 81' lang='lat' dir='ltr'>sacra</span> <span class='ocrx_word' id='word_1_179' title='bbox 2062 1744 2373 1825; x_wconf 88' lang='lat' dir='ltr'>Principis</span> <span class='ocrx_word' id='word_1_180' title='bbox 2418 1767 2498 1810; x_wconf 86' lang='lat' dir='ltr'>ex</span> <span class='ocrx_word' id='word_1_181' title='bbox 2547 1749 2675 1831; x_wconf 86' lang='lat' dir='ltr'>ipsa</span> 
     </span>
     <span class='ocr_line' id='line_1_20' title="bbox 301 1821 2678 1917; baseline -0.004 -17"><span class='ocrx_word' id='word_1_182' title='bbox 301 1836 670 1917; x_wconf 80' lang='lat' dir='ltr'>Superioritate</span> <span class='ocrx_word' id='word_1_183' title='bbox 701 1827 1021 1894; x_wconf 77' lang='lat' dir='ltr'>Territoriali</span> <span class='ocrx_word' id='word_1_184' title='bbox 1064 1823 1414 1888; x_wconf 83' lang='lat' dir='ltr'>derivetur.</span> <span class='ocrx_word' id='word_1_185' title='bbox 1501 1821 1813 1906; x_wconf 89' lang='lat' dir='ltr'>Nunquid</span> <span class='ocrx_word' id='word_1_186' title='bbox 1844 1824 2002 1905; x_wconf 83' lang='lat' dir='ltr'>3.tio</span> <span class='ocrx_word' id='word_1_187' title='bbox 2041 1826 2107 1889; x_wconf 90' lang='lat' dir='ltr'>in</span> <span class='ocrx_word' id='word_1_188' title='bbox 2132 1830 2355 1891; x_wconf 83' lang='lat' dir='ltr'>locum</span> <span class='ocrx_word' id='word_1_189' title='bbox 2391 1836 2678 1912; x_wconf 55' lang='lat' dir='ltr'>Paponciea</span> 
     </span>
     <span class='ocr_line' id='line_1_21' title="bbox 285 1903 2672 1999; baseline -0.003 -18"><span class='ocrx_word' id='word_1_190' title='bbox 285 1923 438 1999; x_wconf 74' lang='lat' dir='ltr'>sariae</span> <span class='ocrx_word' id='word_1_191' title='bbox 463 1954 488 1993; x_wconf 88' lang='lat'>9</span> <span class='ocrx_word' id='word_1_192' title='bbox 531 1930 722 1996; x_wconf 87' lang='lat' dir='ltr'>quam</span> <span class='ocrx_word' id='word_1_193' title='bbox 748 1906 1177 1973; x_wconf 88' lang='lat' dir='ltr'>Protestantes</span> <span class='ocrx_word' id='word_1_194' title='bbox 1214 1915 1554 1983; x_wconf 89' lang='lat' dir='ltr'>tantopere</span> <span class='ocrx_word' id='word_1_195' title='bbox 1587 1903 1978 1969; x_wconf 87' lang='lat' dir='ltr'>detestantur</span> <span class='ocrx_word' id='word_1_196' title='bbox 2008 1947 2030 1984; x_wconf 89' lang='lat'>9</span> <span class='ocrx_word' id='word_1_197' title='bbox 2073 1908 2190 1972; x_wconf 90' lang='lat' dir='ltr'>hac</span> <span class='ocrx_word' id='word_1_198' title='bbox 2237 1910 2488 1973; x_wconf 87' lang='lat' dir='ltr'>ratione</span> <span class='ocrx_word' id='word_1_199' title='bbox 2527 1912 2672 1976; x_wconf 89' lang='lat' dir='ltr'>sub-</span> 
     </span>
     <span class='ocr_line' id='line_1_22' title="bbox 298 1984 2670 2072; baseline -0.002 -9"><span class='ocrx_word' id='word_1_200' title='bbox 298 1997 583 2064; x_wconf 83' lang='lat' dir='ltr'>stituitur</span> <span class='ocrx_word' id='word_1_201' title='bbox 617 1995 1026 2072; x_wconf 77' lang='lat' dir='ltr'>Caefhro-Papia</span> <span class='ocrx_word' id='word_1_202' title='bbox 1057 1984 1225 2051; x_wconf 81' lang='lat' dir='ltr'>haud</span> <span class='ocrx_word' id='word_1_203' title='bbox 1253 1986 1431 2050; x_wconf 88' lang='lat' dir='ltr'>secus</span> <span class='ocrx_word' id='word_1_204' title='bbox 1458 2025 1481 2062; x_wconf 94' lang='lat'>9</span> <span class='ocrx_word' id='word_1_205' title='bbox 1513 2005 1702 2070; x_wconf 90' lang='lat' dir='ltr'>quam</span> <span class='ocrx_word' id='word_1_206' title='bbox 1729 1986 1835 2049; x_wconf 85' lang='lat' dir='ltr'>illa</span> <span class='ocrx_word' id='word_1_207' title='bbox 1869 1987 2051 2068; x_wconf 90' lang='lat' dir='ltr'>prior</span> <span class='ocrx_word' id='word_1_208' title='bbox 2080 2029 2104 2066; x_wconf 92' lang='lat'>9</span> <span class='ocrx_word' id='word_1_209' title='bbox 2147 1990 2403 2055; x_wconf 89' lang='lat' dir='ltr'>inimica</span> <span class='ocrx_word' id='word_1_210' title='bbox 2438 1996 2670 2060; x_wconf 88' lang='lat' dir='ltr'>Eccle-</span> 
     </span>
     <span class='ocr_line' id='line_1_23' title="bbox 299 2067 2668 2164; baseline -0.003 -17"><span class='ocrx_word' id='word_1_211' title='bbox 299 2083 408 2147; x_wconf 82' lang='lat' dir='ltr'>fiae</span> <span class='ocrx_word' id='word_1_212' title='bbox 439 2075 643 2143; x_wconf 86' lang='lat' dir='ltr'>coetui</span> <span class='ocrx_word' id='word_1_213' title='bbox 674 2114 698 2152; x_wconf 90' lang='lat'>9</span> <span class='ocrx_word' id='word_1_214' title='bbox 732 2068 1175 2152; x_wconf 81' lang='lat' dir='ltr'>praeJ&#39;udiciosa</span> <span class='ocrx_word' id='word_1_215' title='bbox 1211 2068 1488 2132; x_wconf 76' lang='lat' dir='ltr'>libertati</span> <span class='ocrx_word' id='word_1_216' title='bbox 1515 2067 2049 2132; x_wconf 80' lang='lat' dir='ltr'>conscientiarum</span> <span class='ocrx_word' id='word_1_217' title='bbox 2081 2110 2105 2146; x_wconf 85' lang='lat'>9</span> <span class='ocrx_word' id='word_1_218' title='bbox 2142 2071 2203 2134; x_wconf 88' lang='lat'>&amp;</span> <span class='ocrx_word' id='word_1_219' title='bbox 2235 2074 2525 2138; x_wconf 87' lang='lat' dir='ltr'>everfiva</span> <span class='ocrx_word' id='word_1_220' title='bbox 2556 2077 2668 2164; x_wconf 86' lang='lat' dir='ltr'>Ju-</span> 
     </span>
     <span class='ocr_line' id='line_1_24' title="bbox 296 2149 2668 2237; baseline -0.003 -10"><span class='ocrx_word' id='word_1_221' title='bbox 296 2166 468 2227; x_wconf 85' lang='lat' dir='ltr'>rium</span> <span class='ocrx_word' id='word_1_222' title='bbox 494 2155 942 2237; x_wconf 78' lang='lat' dir='ltr'>Collegialium</span> <span class='ocrx_word' id='word_1_223' title='bbox 968 2157 996 2215; x_wconf 72' lang='grc' dir='ltr'>’ζ</span> <span class='ocrx_word' id='word_1_224' title='bbox 1039 2163 1174 2227; x_wconf 86' lang='lat' dir='ltr'>4.to</span> <span class='ocrx_word' id='word_1_225' title='bbox 1205 2149 1378 2212; x_wconf 85' lang='lat' dir='ltr'>aliud</span> <span class='ocrx_word' id='word_1_226' title='bbox 1409 2151 1666 2215; x_wconf 88' lang='lat' dir='ltr'>Grande</span> <span class='ocrx_word' id='word_1_227' title='bbox 1692 2149 1964 2213; x_wconf 71' lang='lat' dir='ltr'>abfui-dn</span> <span class='ocrx_word' id='word_1_228' title='bbox 1996 2150 2175 2235; x_wconf 88' lang='lat' dir='ltr'>sequi</span> <span class='ocrx_word' id='word_1_229' title='bbox 2193 2158 2442 2219; x_wconf 76' lang='lat' dir='ltr'>necess&#39;e</span> <span class='ocrx_word' id='word_1_230' title='bbox 2455 2157 2572 2234; x_wconf 88' lang='lat' dir='ltr'>est9</span> <span class='ocrx_word' id='word_1_231' title='bbox 2596 2159 2668 2221; x_wconf 80' lang='lat' dir='ltr'>il-</span> 
     </span>
     <span class='ocr_line' id='line_1_25' title="bbox 287 2232 2672 2320; baseline -0.003 -11"><span class='ocrx_word' id='word_1_232' title='bbox 287 2243 414 2316; x_wconf 75' lang='lat' dir='ltr'>*lud</span> <span class='ocrx_word' id='word_1_233' title='bbox 438 2237 746 2304; x_wconf 89' lang='lat' dir='ltr'>videlicet</span> <span class='ocrx_word' id='word_1_234' title='bbox 771 2275 795 2316; x_wconf 90' lang='lat'>9</span> <span class='ocrx_word' id='word_1_235' title='bbox 829 2232 1010 2320; x_wconf 91' lang='lat' dir='ltr'>quod</span> <span class='ocrx_word' id='word_1_236' title='bbox 1038 2232 1320 2312; x_wconf 89' lang='lat' dir='ltr'>Principi</span> <span class='ocrx_word' id='word_1_237' title='bbox 1349 2232 1756 2296; x_wconf 74' lang='lat' dir='ltr'>Territoriali</span> <span class='ocrx_word' id='word_1_238' title='bbox 1787 2243 2108 2314; x_wconf 87' lang='lat' dir='ltr'>competat</span> <span class='ocrx_word' id='word_1_239' title='bbox 2145 2236 2246 2310; x_wconf 66' lang='lat' dir='ltr'>Jus</span> <span class='ocrx_word' id='word_1_240' title='bbox 2266 2241 2317 2297; x_wconf 80' lang='lat' dir='ltr'>in</span> <span class='ocrx_word' id='word_1_241' title='bbox 2334 2240 2491 2314; x_wconf 77' lang='lat' dir='ltr'>sacra</span> <span class='ocrx_word' id='word_1_242' title='bbox 2522 2238 2672 2308; x_wconf 66' lang='lat' dir='ltr'>sum-</span> 
     </span>
     <span class='ocr_line' id='line_1_26' title="bbox 295 2298 2671 2397; baseline -0.003 -7"><span class='ocrx_word' id='word_1_243' title='bbox 295 2345 443 2394; x_wconf 72' lang='lat' dir='ltr'>mm</span> <span class='ocrx_word' id='word_1_244' title='bbox 476 2319 880 2385; x_wconf 82' lang='lat' dir='ltr'>subditorum</span> <span class='ocrx_word' id='word_1_245' title='bbox 908 2315 1179 2380; x_wconf 74' lang='lat' dir='ltr'>diversae</span> <span class='ocrx_word' id='word_1_246' title='bbox 1212 2313 1544 2397; x_wconf 72' lang='lat' dir='ltr'>Religioni</span> <span class='ocrx_word' id='word_1_247' title='bbox 1578 2312 1982 2378; x_wconf 69' lang='lat' dir='ltr'>addistomm</span> <span class='ocrx_word' id='word_1_248' title='bbox 2018 2354 2042 2391; x_wconf 70' lang='lat'>9</span> <span class='ocrx_word' id='word_1_249' title='bbox 2091 2298 2160 2376; x_wconf 72' lang='lat' dir='ltr'>id</span> <span class='ocrx_word' id='word_1_250' title='bbox 2207 2314 2387 2397; x_wconf 85' lang='lat' dir='ltr'>quod</span> <span class='ocrx_word' id='word_1_251' title='bbox 2423 2334 2671 2384; x_wconf 72' lang='lat' dir='ltr'>naturae</span> 
     </span>
     <span class='ocr_line' id='line_1_27' title="bbox 296 2394 2672 2484; baseline -0.002 -12"><span class='ocrx_word' id='word_1_252' title='bbox 296 2411 393 2476; x_wconf 86' lang='lat' dir='ltr'>rei</span> <span class='ocrx_word' id='word_1_253' title='bbox 422 2447 446 2484; x_wconf 93' lang='lat'>9</span> <span class='ocrx_word' id='word_1_254' title='bbox 501 2404 562 2468; x_wconf 87' lang='lat'>&amp;</span> <span class='ocrx_word' id='word_1_255' title='bbox 601 2397 962 2484; x_wconf 85' lang='lat' dir='ltr'>Religionis</span> <span class='ocrx_word' id='word_1_256' title='bbox 989 2438 1012 2477; x_wconf 90' lang='lat'>9</span> <span class='ocrx_word' id='word_1_257' title='bbox 1072 2396 1502 2478; x_wconf 90' lang='lat' dir='ltr'>omnibusque</span> <span class='ocrx_word' id='word_1_258' title='bbox 1548 2406 1793 2458; x_wconf 78' lang='lat' dir='ltr'>naturae</span> <span class='ocrx_word' id='word_1_259' title='bbox 1839 2395 1901 2459; x_wconf 88' lang='lat'>&amp;</span> <span class='ocrx_word' id='word_1_260' title='bbox 1936 2394 2320 2480; x_wconf 55' lang='lat' dir='ltr'>Religioni&amp;</span> <span class='ocrx_word' id='word_1_261' title='bbox 2341 2398 2672 2484; x_wconf 85' lang='lat' dir='ltr'>principiis</span> 
     </span>
     <span class='ocr_line' id='line_1_28' title="bbox 297 2477 2671 2571; baseline -0.003 -22"><span class='ocrx_word' id='word_1_262' title='bbox 297 2495 631 2571; x_wconf 76' lang='lat' dir='ltr'>repugnat.</span> <span class='ocrx_word' id='word_1_263' title='bbox 713 2485 799 2548; x_wconf 88' lang='lat' dir='ltr'>Et</span> <span class='ocrx_word' id='word_1_264' title='bbox 829 2479 1168 2565; x_wconf 89' lang='lat' dir='ltr'>quomodo</span> <span class='ocrx_word' id='word_1_265' title='bbox 1196 2496 1332 2541; x_wconf 91' lang='lat' dir='ltr'>non</span> <span class='ocrx_word' id='word_1_266' title='bbox 1363 2488 1496 2554; x_wconf 69' lang='lat' dir='ltr'>§.to</span> <span class='ocrx_word' id='word_1_267' title='bbox 1525 2477 1591 2540; x_wconf 91' lang='lat' dir='ltr'>in</span> <span class='ocrx_word' id='word_1_268' title='bbox 1626 2477 1742 2541; x_wconf 91' lang='lat' dir='ltr'>hac</span> <span class='ocrx_word' id='word_1_269' title='bbox 1771 2478 2075 2542; x_wconf 88' lang='lat' dir='ltr'>sententia</span> <span class='ocrx_word' id='word_1_270' title='bbox 2118 2478 2234 2557; x_wconf 87' lang='lat' dir='ltr'>ipfi</span> <span class='ocrx_word' id='word_1_271' title='bbox 2270 2482 2500 2547; x_wconf 87' lang='lat' dir='ltr'>Coetus</span> <span class='ocrx_word' id='word_1_272' title='bbox 2538 2484 2671 2565; x_wconf 85' lang='lat' dir='ltr'>pri-</span> 
     </span>
     <span class='ocr_line' id='line_1_29' title="bbox 255 2558 2668 2646; baseline -0.003 -9"><span class='ocrx_word' id='word_1_273' title='bbox 255 2616 257 2618; x_wconf 85' lang='lat'>·</span> <span class='ocrx_word' id='word_1_274' title='bbox 296 2588 557 2643; x_wconf 82' lang='lat' dir='ltr'>morum</span> <span class='ocrx_word' id='word_1_275' title='bbox 594 2563 1096 2630; x_wconf 88' lang='lat' dir='ltr'>Christianorum</span> <span class='ocrx_word' id='word_1_276' title='bbox 1121 2603 1145 2642; x_wconf 93' lang='lat'>9</span> <span class='ocrx_word' id='word_1_277' title='bbox 1177 2561 1571 2644; x_wconf 90' lang='lat' dir='ltr'>illorumque</span> <span class='ocrx_word' id='word_1_278' title='bbox 1593 2558 1926 2624; x_wconf 66' lang='lat' dir='ltr'>DOEtores</span> <span class='ocrx_word' id='word_1_279' title='bbox 1948 2559 2322 2640; x_wconf 85' lang='lat' dir='ltr'>injustiffimi</span> <span class='ocrx_word' id='word_1_280' title='bbox 2351 2578 2668 2646; x_wconf 88' lang='lat' dir='ltr'>raptores9</span> 
     </span>
     <span class='ocr_line' id='line_1_30' title="bbox 298 2641 2672 2727; baseline -0.004 -6"><span class='ocrx_word' id='word_1_281' title='bbox 298 2677 372 2721; x_wconf 91' lang='lat' dir='ltr'>ac</span> <span class='ocrx_word' id='word_1_282' title='bbox 399 2654 757 2717; x_wconf 87' lang='lat' dir='ltr'>alienorum</span> <span class='ocrx_word' id='word_1_283' title='bbox 829 2646 1046 2709; x_wconf 91' lang='lat' dir='ltr'>urium</span> <span class='ocrx_word' id='word_1_284' title='bbox 1083 2642 1407 2707; x_wconf 86' lang='lat' dir='ltr'>invasores</span> <span class='ocrx_word' id='word_1_285' title='bbox 1444 2642 1665 2705; x_wconf 88' lang='lat' dir='ltr'>audire</span> <span class='ocrx_word' id='word_1_286' title='bbox 1707 2641 1942 2704; x_wconf 87' lang='lat' dir='ltr'>debent</span> <span class='ocrx_word' id='word_1_287' title='bbox 1979 2681 2003 2719; x_wconf 93' lang='lat'>9</span> <span class='ocrx_word' id='word_1_288' title='bbox 2026 2641 2289 2724; x_wconf 66' lang='lat' dir='ltr'>xquippe</span> <span class='ocrx_word' id='word_1_289' title='bbox 2323 2645 2436 2727; x_wconf 93' lang='lat' dir='ltr'>qui</span> <span class='ocrx_word' id='word_1_290' title='bbox 2471 2647 2672 2711; x_wconf 81' lang='lat' dir='ltr'>aliena</span> 
     </span>
     <span class='ocr_line' id='line_1_31' title="bbox 290 2722 2666 2821; baseline 0.003 -33"><span class='ocrx_word' id='word_1_291' title='bbox 290 2741 434 2821; x_wconf 66' lang='lat' dir='ltr'>jura</span> <span class='ocrx_word' id='word_1_292' title='bbox 458 2776 482 2813; x_wconf 74' lang='lat'>,</span> <span class='ocrx_word' id='word_1_293' title='bbox 508 2747 743 2814; x_wconf 88' lang='lat' dir='ltr'>nempe</span> <span class='ocrx_word' id='word_1_294' title='bbox 829 2727 1148 2809; x_wconf 89' lang='lat' dir='ltr'>rincipum</span> <span class='ocrx_word' id='word_1_295' title='bbox 1171 2724 1571 2790; x_wconf 77' lang='lat' dir='ltr'>saecularium</span> <span class='ocrx_word' id='word_1_296' title='bbox 1611 2722 1994 2809; x_wconf 85' lang='lat' dir='ltr'>iniquiffime</span> <span class='ocrx_word' id='word_1_297' title='bbox 2038 2722 2102 2788; x_wconf 86' lang='lat'>&amp;</span> <span class='ocrx_word' id='word_1_298' title='bbox 2135 2723 2516 2808; x_wconf 80' lang='lat' dir='ltr'>usurparunt</span> <span class='ocrx_word' id='word_1_299' title='bbox 2545 2769 2570 2810; x_wconf 85' lang='lat'>9</span> <span class='ocrx_word' id='word_1_300' title='bbox 2602 2729 2666 2796; x_wconf 88' lang='lat'>&amp;</span> 
     </span>
     <span class='ocr_line' id='line_1_32' title="bbox 333 2823 2632 2885; baseline -0.004 0"><span class='ocrx_word' id='word_1_301' title='bbox 333 2823 760 2885; x_wconf 61' lang='lat' dir='ltr'>xercuerunn.</span> <span class='ocrx_word' id='word_1_302' title='bbox 1781 2856 1786 2860; x_wconf 90' lang='lat'>-</span> <span class='ocrx_word' id='word_1_303' title='bbox 1882 2856 1884 2858; x_wconf 83' lang='lat'>·</span> <span class='ocrx_word' id='word_1_304' title='bbox 2539 2866 2542 2868; x_wconf 87' lang='lat'>.</span> <span class='ocrx_word' id='word_1_305' title='bbox 2574 2872 2579 2876; x_wconf 84' lang='grc'><strong>,</strong></span> <span class='ocrx_word' id='word_1_306' title='bbox 2626 2846 2632 2877; x_wconf 82' lang='grc'>,·</span> 
     </span>
     <span class='ocr_line' id='line_1_33' title="bbox 295 2844 2665 2982; baseline -0.001 -19"><span class='ocrx_word' id='word_1_307' title='bbox 295 2844 335 2889; x_wconf 69' lang='lat' dir='ltr'><strong>e</strong></span> <span class='ocrx_word' id='word_1_308' title='bbox 470 2895 777 2982; x_wconf 89' lang='lat' dir='ltr'>Sequitur</span> <span class='ocrx_word' id='word_1_309' title='bbox 799 2888 1142 2974; x_wconf 74' lang='lat' dir='ltr'>plausibilis</span> <span class='ocrx_word' id='word_1_310' title='bbox 1158 2889 1274 2954; x_wconf 67' lang='lat' dir='ltr'>,illa</span> <span class='ocrx_word' id='word_1_311' title='bbox 1305 2887 1773 2956; x_wconf 83' lang='lat' dir='ltr'>hodiernorum</span> <span class='ocrx_word' id='word_1_312' title='bbox 1814 2884 2309 2953; x_wconf 85' lang='lat' dir='ltr'>Protestantium</span> <span class='ocrx_word' id='word_1_313' title='bbox 2351 2879 2555 2958; x_wconf 77' lang='lat' dir='ltr'>ferme</span> <span class='ocrx_word' id='word_1_314' title='bbox 2587 2893 2665 2961; x_wconf 86' lang='lat' dir='ltr'>ab</span> 
     </span>
     <span class='ocr_line' id='line_1_34' title="bbox 301 2971 2667 3056; baseline -0.005 -5"><span class='ocrx_word' id='word_1_315' title='bbox 301 2982 601 3051; x_wconf 89' lang='lat' dir='ltr'>omnibus</span> <span class='ocrx_word' id='word_1_316' title='bbox 628 2988 889 3056; x_wconf 88' lang='lat' dir='ltr'>recepta</span> <span class='ocrx_word' id='word_1_317' title='bbox 919 2974 1142 3055; x_wconf 85' lang='lat' dir='ltr'>opinio</span> <span class='ocrx_word' id='word_1_318' title='bbox 1159 3013 1180 3050; x_wconf 86' lang='lat'>9</span> <span class='ocrx_word' id='word_1_319' title='bbox 1198 2973 1310 3055; x_wconf 88' lang='lat' dir='ltr'>qui</span> <span class='ocrx_word' id='word_1_320' title='bbox 1343 2972 1658 3053; x_wconf 74' lang='lat' dir='ltr'>supposita</span> <span class='ocrx_word' id='word_1_321' title='bbox 1685 2971 2043 3056; x_wconf 80' lang='lat' dir='ltr'>Hypothesi</span> <span class='ocrx_word' id='word_1_322' title='bbox 2074 2972 2255 3056; x_wconf 89' lang='lat' dir='ltr'>quod</span> <span class='ocrx_word' id='word_1_323' title='bbox 2280 2976 2564 3039; x_wconf 84' lang='lat' dir='ltr'>Ecclesia</span> <span class='ocrx_word' id='word_1_324' title='bbox 2591 2976 2667 3040; x_wconf 80' lang='lat' dir='ltr'>sit</span> 
     </span>
     <span class='ocr_line' id='line_1_35' title="bbox 297 3053 2666 3144; baseline -0.005 -10"><span class='ocrx_word' id='word_1_325' title='bbox 297 3072 524 3134; x_wconf 77' lang='lat' dir='ltr'>Societas</span> <span class='ocrx_word' id='word_1_326' title='bbox 552 3062 757 3144; x_wconf 71' lang='lat' dir='ltr'>equalis</span> <span class='ocrx_word' id='word_1_327' title='bbox 781 3058 894 3122; x_wconf 91' lang='lat' dir='ltr'>seu</span> <span class='ocrx_word' id='word_1_328' title='bbox 921 3055 1288 3140; x_wconf 88' lang='lat' dir='ltr'>Collegium</span> <span class='ocrx_word' id='word_1_329' title='bbox 1309 3055 1430 3136; x_wconf 70' lang='lat' dir='ltr'>Jus</span> <span class='ocrx_word' id='word_1_330' title='bbox 1466 3062 1516 3116; x_wconf 75' lang='lat' dir='ltr'>in</span> <span class='ocrx_word' id='word_1_331' title='bbox 1549 3062 1698 3130; x_wconf 74' lang='lat' dir='ltr'>sacra</span> <span class='ocrx_word' id='word_1_332' title='bbox 1727 3073 1807 3117; x_wconf 83' lang='lat' dir='ltr'>ex</span> <span class='ocrx_word' id='word_1_333' title='bbox 1839 3055 1973 3134; x_wconf 91' lang='lat' dir='ltr'>ipso</span> <span class='ocrx_word' id='word_1_334' title='bbox 2002 3053 2149 3132; x_wconf 88' lang='lat' dir='ltr'>jure</span> <span class='ocrx_word' id='word_1_335' title='bbox 2185 3067 2431 3120; x_wconf 81' lang='lat' dir='ltr'>naturae</span> <span class='ocrx_word' id='word_1_336' title='bbox 2465 3058 2541 3136; x_wconf 48' lang='grc' dir='ltr'>ἃ,</span> <span class='ocrx_word' id='word_1_337' title='bbox 2554 3057 2666 3137; x_wconf 73' lang='lat' dir='ltr'>juj-</span> 
     </span>
     <span class='ocr_line' id='line_1_36' title="bbox 295 3136 2665 3234; baseline -0.006 -20"><span class='ocrx_word' id='word_1_338' title='bbox 295 3170 367 3215; x_wconf 83' lang='lat' dir='ltr'>re</span> <span class='ocrx_word' id='word_1_339' title='bbox 390 3143 762 3225; x_wconf 86' lang='lat' dir='ltr'>Principum</span> <span class='ocrx_word' id='word_1_340' title='bbox 786 3181 811 3222; x_wconf 89' lang='lat'>9</span> <span class='ocrx_word' id='word_1_341' title='bbox 857 3137 1037 3224; x_wconf 90' lang='lat' dir='ltr'>quod</span> <span class='ocrx_word' id='word_1_342' title='bbox 1071 3137 1305 3203; x_wconf 89' lang='lat' dir='ltr'>habent</span> <span class='ocrx_word' id='word_1_343' title='bbox 1332 3136 1400 3200; x_wconf 89' lang='lat' dir='ltr'>in</span> <span class='ocrx_word' id='word_1_344' title='bbox 1430 3137 1717 3221; x_wconf 82' lang='lat' dir='ltr'>Collegia</span> <span class='ocrx_word' id='word_1_345' title='bbox 1740 3173 1763 3216; x_wconf 90' lang='lat'>9</span> <span class='ocrx_word' id='word_1_346' title='bbox 1800 3138 2007 3202; x_wconf 87' lang='lat' dir='ltr'>veluti</span> <span class='ocrx_word' id='word_1_347' title='bbox 2027 3155 2107 3202; x_wconf 85' lang='lat' dir='ltr'>ex</span> <span class='ocrx_word' id='word_1_348' title='bbox 2126 3137 2416 3220; x_wconf 81' lang='lat' dir='ltr'>pimaevo</span> <span class='ocrx_word' id='word_1_349' title='bbox 2441 3139 2503 3204; x_wconf 85' lang='lat'>&amp;</span> <span class='ocrx_word' id='word_1_350' title='bbox 2532 3141 2665 3234; x_wconf 61' lang='lat'>9¹⁴5*</span> 
     </span>
     <span class='ocr_line' id='line_1_37' title="bbox 950 3242 2661 3286; baseline 0.007 -12"><span class='ocrx_word' id='word_1_351' title='bbox 950 3256 952 3258; x_wconf 87' lang='lat'><em>-</em></span> <span class='ocrx_word' id='word_1_352' title='bbox 1388 3279 1392 3281; x_wconf 9' lang='grc' dir='ltr'><strong>Α</strong></span> <span class='ocrx_word' id='word_1_353' title='bbox 2134 3273 2138 3277; x_wconf 86' lang='grc'><strong>,</strong></span> <span class='ocrx_word' id='word_1_354' title='bbox 2529 3242 2661 3286; x_wconf 83' lang='lat' dir='ltr'>ina-</span> 
     </span>
     <span class='ocr_line' id='line_1_38' title="bbox 305 3240 2667 3383; baseline -0.003 -21"><span class='ocrx_word' id='word_1_355' title='bbox 305 3316 383 3383; x_wconf 74' lang='lat' dir='ltr'>(a)</span> <span class='ocrx_word' id='word_1_356' title='bbox 422 3318 552 3362; x_wconf 74' lang='lat' dir='ltr'>Hane</span> <span class='ocrx_word' id='word_1_357' title='bbox 585 3294 852 3358; x_wconf 33' lang='lat' dir='ltr'>sententiam*</span> <span class='ocrx_word' id='word_1_358' title='bbox 880 3321 1064 3357; x_wconf 76' lang='lat' dir='ltr'>tenuere</span> <span class='ocrx_word' id='word_1_359' title='bbox 1091 3304 1358 3370; x_wconf 77' lang='lat' dir='ltr'>carpzovim</span> <span class='ocrx_word' id='word_1_360' title='bbox 1378 3336 1392 3365; x_wconf 90' lang='lat'>,</span> <span class='ocrx_word' id='word_1_361' title='bbox 1411 3302 1612 3369; x_wconf 65' lang='grc' dir='ltr'>Ζῐεςῐετ.</span> <span class='ocrx_word' id='word_1_362' title='bbox 1644 3300 1870 3360; x_wconf 75' lang='lat' dir='ltr'>Gerhard,</span> <span class='ocrx_word' id='word_1_363' title='bbox 1901 3305 2022 3355; x_wconf 73' lang='lat' dir='ltr'>Voet</span> <span class='ocrx_word' id='word_1_364' title='bbox 2043 3335 2060 3366; x_wconf 79' lang='lat'>9</span> <span class='ocrx_word' id='word_1_365' title='bbox 2084 3290 2281 3377; x_wconf 61' lang='lat' dir='ltr'>besem.</span> <span class='ocrx_word' id='word_1_366' title='bbox 2310 3240 2667 3365; x_wconf 52' lang='lat' dir='ltr'>nnunneigiianuae,</span> 
     </span>
     <span class='ocr_line' id='line_1_39' title="bbox 439 3376 2237 3440; baseline -0.004 -11"><span class='ocrx_word' id='word_1_367' title='bbox 439 3385 483 3429; x_wconf 82' lang='lat'>&amp;</span> <span class='ocrx_word' id='word_1_368' title='bbox 507 3380 650 3440; x_wconf 70' lang='lat' dir='ltr'>pluteo</span> <span class='ocrx_word' id='word_1_369' title='bbox 671 3377 742 3425; x_wconf 77' lang='lat' dir='ltr'>alii</span> <span class='ocrx_word' id='word_1_370' title='bbox 768 3376 793 3423; x_wconf 68' lang='grc' dir='ltr'><em>ὲ</em></span> <span class='ocrx_word' id='word_1_371' title='bbox 815 3377 1049 3425; x_wconf 78' lang='lat' dir='ltr'>Boebmero</span> <span class='ocrx_word' id='word_1_372' title='bbox 1069 3376 1208 3424; x_wconf 69' lang='lat' dir='ltr'>tituti-</span> <span class='ocrx_word' id='word_1_373' title='bbox 2175 3377 2179 3381; x_wconf 85' lang='lat'>&#39;</span> <span class='ocrx_word' id='word_1_374' title='bbox 2233 3376 2237 3379; x_wconf 59' lang='grc'><strong><em>“</em></strong></span> 
     </span>
     <span class='ocr_line' id='line_1_40' title="bbox 295 3434 2661 3518; baseline -0.003 -25"><span class='ocrx_word' id='word_1_375' title='bbox 295 3450 376 3518; x_wconf 80' lang='lat' dir='ltr'>(b)</span> <span class='ocrx_word' id='word_1_376' title='bbox 412 3451 532 3496; x_wconf 67' lang='lat' dir='ltr'>Dicit</span> <span class='ocrx_word' id='word_1_377' title='bbox 558 3447 679 3491; x_wconf 80' lang='lat' dir='ltr'>enim</span> <span class='ocrx_word' id='word_1_378' title='bbox 707 3460 724 3490; x_wconf 72' lang='lat' dir='ltr'><em>s</em></span> <span class='ocrx_word' id='word_1_379' title='bbox 762 3446 866 3490; x_wconf 75' lang='lat' dir='ltr'>inde</span> <span class='ocrx_word' id='word_1_380' title='bbox 888 3445 1035 3502; x_wconf 74' lang='lat' dir='ltr'>plures</span> <span class='ocrx_word' id='word_1_381' title='bbox 1067 3437 1343 3501; x_wconf 76' lang='lat' dir='ltr'>conclufiones</span> <span class='ocrx_word' id='word_1_382' title='bbox 1368 3437 1493 3499; x_wconf 65' lang='lat' dir='ltr'>falfi</span> <span class='ocrx_word' id='word_1_383' title='bbox 1535 3443 1587 3485; x_wconf 74' lang='lat' dir='ltr'>in</span> <span class='ocrx_word' id='word_1_384' title='bbox 1605 3441 1779 3498; x_wconf 74' lang='lat' dir='ltr'>praxitt</span> <span class='ocrx_word' id='word_1_385' title='bbox 1819 3434 2163 3496; x_wconf 67' lang='lat' dir='ltr'>protestantium</span> <span class='ocrx_word' id='word_1_386' title='bbox 2202 3451 2534 3501; x_wconf 72' lang='lat' dir='ltr'>promanarunt</span> <span class='ocrx_word' id='word_1_387' title='bbox 2556 3468 2574 3496; x_wconf 83' lang='lat'>,</span> <span class='ocrx_word' id='word_1_388' title='bbox 2608 3438 2661 3493; x_wconf 69' lang='grc' dir='ltr'>θ’</span> 
     </span>
    </p>
   </div>
   <div class='ocr_carea' id='block_1_3' title="bbox 425 3504 2659 3646">
    <p class='ocr_par' dir='ltr' id='par_1_3' title="bbox 425 3504 2659 3646">
     <span class='ocr_line' id='line_1_41' title="bbox 425 3504 2659 3572; baseline -0.001 -13"><span class='ocrx_word' id='word_1_389' title='bbox 425 3512 675 3570; x_wconf 67' lang='lat' dir='ltr'>pontificiis</span> <span class='ocrx_word' id='word_1_390' title='bbox 708 3513 823 3563; x_wconf 72' lang='lat' dir='ltr'>ansa</span> <span class='ocrx_word' id='word_1_391' title='bbox 853 3509 957 3572; x_wconf 74' lang='lat' dir='ltr'>fuit</span> <span class='ocrx_word' id='word_1_392' title='bbox 983 3511 1098 3555; x_wconf 74' lang='lat' dir='ltr'>dau</span> <span class='ocrx_word' id='word_1_393' title='bbox 1121 3510 1236 3571; x_wconf 72' lang='lat' dir='ltr'>jura</span> <span class='ocrx_word' id='word_1_394' title='bbox 1266 3512 1518 3572; x_wconf 70' lang='lat' dir='ltr'>Principum</span> <span class='ocrx_word' id='word_1_395' title='bbox 1545 3512 1664 3553; x_wconf 74' lang='lat' dir='ltr'>circa</span> <span class='ocrx_word' id='word_1_396' title='bbox 1693 3506 1834 3567; x_wconf 57' lang='lat' dir='ltr'>sien</span> <span class='ocrx_word' id='word_1_397' title='bbox 1872 3504 2235 3561; x_wconf 59' lang='lat' dir='ltr'>‘diachonibus</span> <span class='ocrx_word' id='word_1_398' title='bbox 2262 3508 2532 3571; x_wconf 70' lang='lat' dir='ltr'>infirmandi</span> <span class='ocrx_word' id='word_1_399' title='bbox 2551 3536 2569 3565; x_wconf 63' lang='grc' dir='ltr'><strong><em>ρ</em></strong></span> <span class='ocrx_word' id='word_1_400' title='bbox 2606 3508 2659 3562; x_wconf 70' lang='lat'>6⁴</span> 
     </span>
     <span class='ocr_line' id='line_1_42' title="bbox 426 3577 1690 3646; baseline -0.005 -18"><span class='ocrx_word' id='word_1_401' title='bbox 426 3580 638 3646; x_wconf 72' lang='lat' dir='ltr'>nostrates</span> <span class='ocrx_word' id='word_1_402' title='bbox 653 3591 835 3643; x_wconf 78' lang='lat' dir='ltr'>propno</span> <span class='ocrx_word' id='word_1_403' title='bbox 860 3580 1022 3643; x_wconf 75' lang='lat' dir='ltr'>gladio</span> <span class='ocrx_word' id='word_1_404' title='bbox 1034 3577 1305 3642; x_wconf 72' lang='lat' dir='ltr'>jugulandi.</span> <span class='ocrx_word' id='word_1_405' title='bbox 1340 3579 1381 3643; x_wconf 74' lang='lat'>§-</span> <span class='ocrx_word' id='word_1_406' title='bbox 1405 3593 1425 3622; x_wconf 83' lang='lat'>2</span> <span class='ocrx_word' id='word_1_407' title='bbox 1431 3590 1480 3639; x_wconf 70' lang='lat'>5.</span> <span class='ocrx_word' id='word_1_408' title='bbox 1501 3579 1582 3623; x_wconf 77' lang='lat' dir='ltr'>cit.</span> <span class='ocrx_word' id='word_1_409' title='bbox 1604 3578 1690 3631; x_wconf 76' lang='lat' dir='ltr'>tit.</span> 
     </span>
    </p>
   </div>
  </div>
 </body>
</html>
