2970 3918
694 154 815 260 De
842 174 1294 276 Praerogazivis
1324 166 1593 268 Ecclefiae
1621 166 2103 269 Salisburgenfis.
2466 174 2550 246 2'1
2569 194 2606 263 ι

220 337 503 415 mediate
539 331 812 415 insuam
846 328 1171 413 reciperet
1202 324 1584 410 potestatem
1606 363 1632 404 ,
1674 324 1790 390 vel
1819 309 2378 401 Archiepiscopali
2420 336 2612 403 orna·-

221 438 327 492 ret
359 420 688 508 dignitate.
761 410 1311 496 Archiepiscopus
1335 427 1477 473 rem
1501 405 1733 471 detulit
1756 405 1836 477 ad
1864 402 2129 470 comitia
2159 400 2444 484 Imperii.
2526 406 2613 472 In

222 507 328 575 his
365 503 661 591 plerique
695 511 950 580 novam„
970 491 1378 573 Metropolin
1414 489 1859 554 aversabantur
1872 526 1899 567 ,
1944 484 2117 554 haud
2154 485 2427 553 inaniter
2462 505 2602 551 me-

222 599 522 665 tuentes,
572 603 658 648 ne
690 577 1035 652 instaurato
1066 573 1219 655 jure
1257 572 1569 640 Ecclesiae
1598 571 2046 637 Laureacenfis
2074 567 2243 634 ordo
2279 566 2608 636 consess'us

220 671 299 739 in
331 666 610 735 comitiis
636 661 1044 735 turbaretur,
1089 656 1152 720 δι
1174 655 1468 739 quamvis
1496 656 1857 735 Imperator
1889 652 2271 736 replicaret,
2306 647 2491 736 quod
2518 653 2610 719 E-

220 751 470 835 piscopi
495 748 564 811 in
587 741 867 809 comitiis
889 736 1182 822 suffragia
1211 756 1346 799 non
1369 735 1723 799 secundum
1748 734 2118 820 dignitatem
2143 734 2609 818 Ecclesiamm,

217 837 288 901 in
329 837 371 898 S
416 829 606 894 nodis
643 843 808 890 vero
855 820 1212 888 secundum
1248 818 1725 884 ordinationem
1792 820 2228 905 antiquiorem
2288 817 2598 897 darent„

218 852 416 981 aliud!
428 925 641 975 tainen
676 926 814 971 non
843 905 970 970 fuit
1000 904 1341 967 obtentum
1362 940 1386 978 ,
1423 899 1541 962 nisi
1568 911 1644 964 ut
1682 901 1992 973 Pontifex
2031 899 2161 965 utri
2208 919 2296 964 ue
2335 898 2606 969 Praesuli

219 997 303 1062 ad
334 997 468 1060 dies
493 995 648 1059 vitae
678 988 1001 1055 silentium
1016 986 1380 1065 imperaret.
1463 982 1755 1058 Demum
1779 983 1857 1047 ad
1882 981 2138 1064 potenti
2191 1002 2381 1048 unam
2407 982 2627 1049 inter·‘

94 1106 99 1111 ·
216 1075 570 1146 cessionem
613 1071 830 1139 Caroli
863 1071 993 1134 V1.-
1023 1063 1437 1147 Imperatoris
1471 1063 1859 1131 Benedistus
1899 1067 2088 1132 XIII.
2130 1066 2608 1152 necquicquam

219 1160 703 1229 contradicente
722 1149 1241 1232 Archiepiscopo
1265 1145 1718 1230 salisburgensi
1733 1168 1831 1214 an.
1853 1159 2037 1227 1728.
2098 1147 2455 1230 Episcopus
2466 1148 2611 1215 Pas-

213 1244 511 1311 savienfis
529 1246 564 1304 a
578 1233 1028 1321 jurisdictione
1039 1229 1594 1311 Archiepiscopali
1618 1230 2068 1315 salisburgensi
2088 1243 2427 1313 exemptus
2450 1231 2618 1316 fuit,=

219 1329 305 1393 ita
328 1339 405 1391 ut
438 1322 703 1406 posthac
728 1337 865 1383 non
889 1315 1007 1381 nifi
1030 1313 1248 1401 quoad
1276 1309 1622 1398 synodalia
1650 1325 1935 1378 maneret
1961 1311 2306 1392 subjestus.
2389 1317 2558 1382 Haec
2575 1354 2605 1396 ,

221 1427 424 1493 quum
467 1404 768 1470 omnibus
813 1401 876 1466 &
910 1397 1172 1484 singulis
1208 1406 1366 1460 nota
1393 1392 1554 1474 sint,
1587 1391 1651 1460 &
1683 1394 1752 1458 in
1786 1393 2087 1459 omnibus
2115 1396 2295 1461 libris
2330 1397 2607 1492 legenda

215 1489 545 1577 prostent,
587 1485 719 1550 fine
749 1482 944 1548 ullius
966 1477 1352 1563 praejudicio
1374 1483 1421 1542 ‘a
1446 1477 1637 1542 n0b1s
1667 1478 1844 1558 poffe
1870 1475 2058 1541 scribi
2082 1478 2603 1549 existimavimus,

247 1615 249 1618 -
383 1570 574 1638 Absit
590 1610 616 1649 ,
643 1578 720 1633 ut
746 1584 868 1630 nos
897 1561 1241 1651 quaestioni
1261 1559 1430 1650 Jhris
1457 1559 1728 1642 desuper
1743 1569 1945 1624 motae
1975 1558 2439 1626 immisceamus
2448 1603 2477 1642 2
2500 1579 2609 1631 to·

220 1665 287 1723 ta
306 1652 580 1740 quaestio
601 1652 663 1737 ὅτ
690 1646 1066 1744 quaestionis
1093 1643 1435 1710 difficultas
1465 1643 1533 1706 in
1541 1661 1630 1736 eo
1650 1641 1772 1721 est,-
1796 1662 1877 1707 an
1897 1653 2026 1708 una
2048 1651 2200 1709 cum
2217 1644 2616 1727 Episcopatu

217 1733 640 1820 Laureacensi
656 1735 788 1798 etii
804 1729 949 1812 jura
961 1771 983 1810 2
1000 1729 1063 1795 ὅτ
1078 1726 1412 1810 privilegia
1446 1724 1600 1790 hulc
1619 1725 1929 1792 Ecclesiae
1957 1725 2352 1792 cohaerentia
2371 1726 2453 1793 ad
2479 1731 2613 1795 Ec-
2638 1732 2644 1736 ’

216 1821 474 1890 cleliam
495 1813 952 1891 Paffaviensem
973 1809 1221 1877 fuerint
1239 1810 1537 1875 translata
1553 1847 1579 1888 ,
1617 1810 1728 1883 vel
1752 1848 1778 1887 ,
1814 1828 1891 1872 an
1924 1807 2145 1891 potius
2166 1828 2383 1876 novus
2407 1809 2613 1881 fuerit
2635 1844 2637 1846 *

214 1902 641 1986 Episcopatus
675 1894 1064 1963 constitutus
1088 1896 1118 1958 ’ἑ
1143 1891 1536 1958 Vivilonem
1556 1889 1950 1970 Episcopum
1979 1891 2480 1959 Laureacensem
2498 1913 2612 1960 ex·

215 1987 354 2053 ciso
382 1987 713 2051 Laureaco
733 1999 818 2045 eo
846 1973 1198 2041 secun'tatis
1216 1973 1411 2059 gratia
1444 1972 1815 2038 convolasse
1846 2010 1871 2052 ,
1905 1972 2229 2039 &ibidem
2269 1977 2621 2060 Episcopa-

211 2085 363 2137 tum
388 2060 1005 2138 instituisse—scimuS,
1017 2055 1299 2136 sedgnum
1308 2053 1444 2138 ipse
1466 2073 1550 2119 eo
1575 2052 1790 2120 secum
1805 2057 2103 2137 potuerit
2112 2056 2457 2125 trans-ferre
2468 2061 2618 2140 jura

210 2153 285 2221 δι
309 2147 645 2242 privilegia
675 2138 1668 2235 sediLaureacenficoheerentia,
1696 2157 1900 2229 eaque
1921 2139 2622 2225 comunicareEpisco-

214 2231 396 2317 patui
415 2239 681 2294 noviter
702 2223 928 2290 eresto
947 2225 1066 2287 aha
1090 2219 1184 2285 est
1209 2219 1504 2306 quaest10.
1531 2219 1846 2287 Profesto
1873 2223 2019 2286 talia
2042 2223 2188 2304 jura
2210 2243 2350 2289 non
2367 2224 2615 2309 depen-

224 2314 382 2379 dere
397 2313 475 2376 ab
499 2306 763 2375 arbitrio
791 2304 1267 2387 Episcoporum
1294 2303 1430 2367 suas
1451 2301 1632 2370 sedes
1661 2303 1746 2367 de
1778 2306 1937 2368 loco
1972 2305 2049 2370 ad
2077 2309 2303 2371 locum
2339 2310 2610 2375 transfe-

221 2394 509 2463 rentium
540 2431 565 2471 ,
591 2386 702 2454 sed
726 2386 805 2451 ab
831 2385 1220 2452 authoritate
1252 2382 1591 2452 Pontificis
1617 2383 1851 2450 ssmiles
1877 2389 2337 2472 praerogativas
2363 2408 2610 2458 conce-

217 2477 473 2555 dentis,
502 2490 699 2539 nemo
721 2468 816 2535 est
843 2470 957 2555 qui
984 2467 1258 2541 dubitet,
1343 2465 1593 2533 Scimus
1619 2486 1810 2551 quarn
1839 2469 2097 2550 optime·
2277 2474 2403 2538 lam
2423 2494 2613 2541 com-

219 2576 488 2630 munem
507 2596 534 2637 ,
567 2574 698 2640 qua
719 2550 1087 2645 docemur,
1100 2546 1320 2636 quod,
1390 2547 1606 2614 uando
1639 2549 1719 2617 fit
1751 2551 1914 2616 unio
1955 2554 2158 2618 Eccle
2186 2573 2390 2619 iarum
2410 2585 2458 2636 f,
2493 2559 2632 2625 fiat-

270 2658 495 2729 uoque
526 2634 1037 2706 communicatio
1062 2634 1311 2714 jurium
1415 2631 1903 2719 privilegiorum
1919 2674 1944 2713 ,
1963 2635 2049 2699 ita
2062 2647 2140 2701 ut
2154 2637 2478 2720 Ecclesia,
2493 2642 2610 2708 cui

219 2668 304 2793 gt
324 2723 524 2800 unio,
543 2718 820 2797 retineat
840 2716 947 2782 sua
970 2714 1308 2810 privilegia
1342 2714 1597 2800 antiqua
1615 2753 1641 2795 ,
1673 2715 2010 2799 &insuper
2029 2719 2362 2806 privilegia
2384 2727 2613 2791 Eccle-

220 2808 333 2875 fiae
358 2803 564 2873 unitae
587 2799 942 2879 anteriora,
965 2801 1016 2866 sl
1045 2798 1525 2891 fint‘pmg‘uiora
1544 2838 1569 2876 ,
1601 2818 1720 2879 per
1750 2812 2040 2865 mutuam
2067 2807 2613 2871 communicatio·

222 2912 377 2958 nem
407 2885 696 2967 recipiat.
776 2885 1042 2950 Verum.
1059 2894 1204 2947 ante
1230 2900 1446 2946 omma
1459 2880 1608 2945 haec
1630 2881 1794 2946 unio
1813 2886 2002 2948 velut
2033 2881 2418 2952 authoritate
2447 2890 2611 2978 legi·

224 2977 380 3041 tima
405 2965 746 3037 Pontificis
771 2964 934 3033 fasta
955 2961 1286 3047 probanda
1319 2963 1443 3028 erit
1466 3003 1493 3043 ,
1530 2963 1593 3030 &
1629 2976 1790 3031 tunc
1828 2965 2020 3033 facile
2042 2968 2170 3050 ipsa
2193 2969 2386 3037 etiam
2420 2982 2613 3039 comss-

218 3052 575 3127 municatio
604 3048 840 3133 privile
883 3049 1097 3113 iorum
1111 3046 1510 3143 probabitur,
1548 3046 1818 3114 Adhaec
1830 3050 2235 3130 probandum
2254 3052 2613 3141 erit,quod
2647 3078 2649 3080 ¹

222 3139 465 3206 Vivilo
487 3134 790 3218 illiusque
840 3131 1203 3197 ucceffores
1216 3148 1326 3212 jus
1346 3131 1911 3212 Metropoliticum
1931 3145 2117 3199 antea
2130 3134 2460 3203 inhaerens
2479 3142 2614 3206 Ec,

217 3221 435 3289 clefiae
463 3213 879 3283 Laureacensx
919 3213 1162 3280 Patavii
1188 3211 1598 3279 exercuerint
1618 3254 1648 3294 ,
1686 3213 1869 3298 quod
1896 3227 2077 3282 tanto
2100 3218 2231 3284 erit
2248 3218 2607 3307 difficilius,

219 3314 471 3393 quanto
503 3298 711 3379 major
742 3298 837 3361 est
866 3297 1220 3362 authoritas
1250 3299 1292 3364 s
1352 3295 1366 3307 '
1415 3306 1633 3360 torum
1665 3336 1692 3376 ,
1742 3297 1804 3363 δι
1840 3298 2129 3380 ipsorum
2171 3303 2609 3389 Pontificum,

222 3389 338 3475 qui
377 3385 462 3450 de
491 3380 822 3446 contrario
849 3380 1177 3445 testantur.
1258 3382 1327 3444 A
1382 3389 1482 3443 ert
1503 3378 1794 3461 inprimis
1811 3385 2160 3470 Mezgerus
2193 3387 2412 3451 literas
2425 3428 2458 3468 ,A
2487 3388 2646 3454 ini..

223 3470 456 3560 quibus
483 3462 949 3562 Laureacenses
973 3461 1124 3529 sede
1147 3461 1277 3543 jam
1301 3459 1636 3612 Igztgvizum
1662 3466 1957 3531 translata
1972 3505 1998 3550 ,
2023 3470 2611 3558 νοαηωςῑπῃρῑξ.

2415 3573 2526 3620 ces
