2970 3918
310 222 410 306 78
1134 139 1414 304 θαῖἓίῗᾰὶ.
1462 216 1537 318 5.
1575 205 1780 279 XXI
1789 205 1880 280 V.

315 379 468 432 tur:
512 364 576 430 id
603 366 773 429 enim
806 360 961 445 quid
986 358 1158 423 aliud
1178 357 1372 437 dicit,
1399 356 1515 421 nifi
1546 357 1724 452 quod
1753 360 1987 423 Paulus
2018 356 2202 424 illum
2228 380 2262 422 a
2285 363 2696 426 communio-

315 469 400 515 ne
436 448 733 528 rejecerit
762 484 784 521 2
822 444 937 507 suo
975 441 1239 505 arbitrio
1278 440 1612 525 reliquent
1654 461 1789 505 non
1833 440 2100 525 quidem
2134 443 2203 506 vi
2237 443 2538 523 imperii,
2585 444 2696 507 sed

317 529 664 605 libertatis>
707 525 908 590 modo
931 566 954 602 2
1002 543 1137 610 quo
1175 534 1355 587 antea
1384 523 1770 604 explicatum
1807 524 1952 589 fuit.
2036 523 2174 612 Jam
2213 525 2417 606 ipsum
2460 545 2695 590 munus

316 611 793 694 Apostolorum
818 648 841 688 2
891 607 1196 691 illiusque
1238 606 1620 672 exercitium
1649 620 1794 670 ante
1824 610 2056 671 oculos
2082 627 2394 689 ponamus
2425 629 2439 670 ε
2478 608 2702 688 profe-

312 699 423 762 sto
450 697 514 757 in
541 691 840 754 omnibus
866 691 1344 772 Apostolorum
1373 687 1616 754 astibus
1642 689 1798 755 nihil
1823 689 1997 756 aliud
2021 691 2329 774 legimuS,
2361 690 2477 754 nifi
2515 690 2698 775 quod

317 776 660 841 docuerint
686 814 708 851 2
759 772 1256 853 praedicaverint
1280 813 1304 851 ³
1354 773 1556 836 varias
1607 775 1901 858 regiones
1936 774 2452 859 peragraverim,
2491 776 2702 850 omni-

316 862 438 924 bus
470 855 952 936 benefecerint,
987 874 1208 921 manus
1237 854 1695 937 imposuerint,
1721 857 2024 921 miracula
2048 856 2435 939 patraverint
2456 898 2479 936 2
2508 856 2699 923 innu-

313 962 492 1008 mera
517 938 932 1004 incommoda
952 981 975 1018 2
1001 936 1388 1022 opprobria,
1408 957 1481 1002 ac
1507 937 1771 1004 demum
1797 938 2302 1003 crudelissimum
2320 941 2700 1024 martyrium

314 1023 624 1088 subierint
659 1062 683 1101 2
753 1022 1095 1107 aliquoties
1138 1033 1386 1084 tantum
1428 1041 1581 1086 cum
1633 1032 1878 1086 coetera
1918 1022 2108 1104 plebe
2155 1021 2221 1085 in
2263 1023 2700 1087 conventibus

311 1107 588 1191 publicis
613 1103 870 1185 majoris
897 1105 1219 1170 momenti
1244 1105 1501 1188 negotia
1528 1102 1922 1169 discusserint
1938 1145 1960 1184 >
1988 1104 2050 1169 &
2077 1122 2193 1187 per
2215 1103 2455 1184 majora
2483 1104 2702 1169 suffra-

315 1191 414 1277 gia
448 1189 975 1267 terminaverinr,
1021 1187 1089 1250 in
1119 1188 1351 1280 qui-bus
1394 1200 1607 1251 tamen
1646 1207 1780 1252 non
1822 1200 1950 1251 tam
1983 1187 2163 1252 vices
2201 1188 2695 1269 imperantium2

316 1294 510 1361 quam
547 1271 958 1357 dirigentium
1003 1268 1354 1335 sustinuiss'e
1388 1268 1698 1334 videntur
1734 1269 1865 1355 (a)
1950 1271 2062 1334 De
2102 1283 2351 1337 coetero
2385 1282 2598 1336 autem
2632 1271 2703 1336 in

318 1356 624 1423 omnibus
644 1357 739 1419 his
770 1356 856 1418 ita
888 1355 949 1418 se
977 1353 1293 1437 gesserunt
1307 1389 1332 1431 2
1378 1363 1455 1417 ut
1475 1352 1865 1433 perlustratis
1888 1354 2190 1420 omnibus
2208 1355 2477 1420 illorum
2501 1353 2656 1420 aitis
2674 1395 2702 1433 ‚

314 1437 762 1508 funstionibus
792 1438 854 1502 &
890 1435 1250 1502 ministeriis
1283 1454 1406 1500 nec
1433 1433 1662 1499 umbra
1695 1446 2022 1516 appareat,
2056 1456 2138 1499 ex
2208 1457 2289 1502 ua
2312 1438 2533 1522 colligi
2557 1437 2704 1518 pos-

314 1525 408 1590 set
425 1564 449 1603 ,
476 1521 658 1607 quod
676 1519 1230 1588 constr-ustionem
1249 1518 1536 1610 civita-ntis¹
1553 1516 2043 1610 meditarentur,
2071 1539 2185 1584 mu
2212 1532 2282 1585 to
2306 1522 2516 1586 minus
2534 1539 2705 1585 rem-

314 1606 641 1689 publicam
678 1603 1173 1668 construxerint.
1260 1600 1509 1664 Nulhbi
1539 1599 1828 1665 stabilem
1862 1601 2146 1665 fixerunt
2175 1602 2430 1682 sedem,
2470 1604 2704 1671 nullibi

314 1703 426 1755 aut
448 1688 562 1770 ipfi
588 1689 800 1751 claves
835 1685 1085 1765 imperii
1108 1681 1602 1762 assumpserunt,
1630 1694 1738 1746 aut
1763 1682 2162 1768 Magistratus
2188 1686 2305 1751 fibi
2328 1686 2702 1752 subordina-

311 1787 418 1836 tos
457 1768 968 1846 constituerunt,
1006 1778 1118 1833 aut
1161 1765 1437 1850 negotiis
1481 1765 1796 1846 publicis,
1837 1767 2161 1852 rebusque
2197 1769 2453 1854 agendis
2479 1770 2542 1834 se
2582 1773 2702 1836 im-

311 1853 730 1920 miscuerunt.
811 1849 1074 1915 Nemini
1111 1850 1250 1915 vim
1279 1848 1640 1912 intulerunt
1659 1888 1684 1926 ³
1718 1850 1959 1914 nullius
1993 1850 2324 1917 civitatem
2372 1854 2558 1919 armis
2607 1854 2707 1919 in-

311 1936 652 2015 vaserunt,
695 1933 778 1998 de
816 1931 1080 1997 civitate
1104 1932 1172 1995 in
1196 1930 1527 1994 civitatem
1555 1927 1737 2008 J‘uxta
1764 1932 2087 1996 monitum
2121 1935 2352 1999 Christi
2390 1936 2702 2022 fugerunt

315 2021 437 2106 (b)
455 2061 479 2098 ³
516 2018 598 2083 de
625 2013 1001 2099 colligendo
1026 2031 1238 2079 nervo
1266 2011 1343 2075 ad
1378 2010 1893 2078 constituendam
1919 2013 2513 2103 sustentandamque
2535 2039 2704 2086 rem-

314 2103 643 2184 publicam
663 2097 1012 2162 necessario
1030 2137 1055 2175 2
1089 2095 1171 2160 de
1195 2093 1498 2160 immensa
1522 2114 1724 2176 opum
1749 2096 1819 2160 vi
1847 2095 2295 2176 corrodenda,-
2321 2101 2697 2167 consocian-

315 2185 404 2250 do
447 2185 699 2267 populo
720 2220 744 2260 ³
790 2178 1230 2244 conducendo
1256 2177 1463 2244 milite
1493 2196 1824 2264 nunquam
1857 2177 2048 2244 fuere
2074 2180 2372 2246 solliciti:
2414 2186 2705 2264 populos

316 2288 454 2332 non
476 2283 803 2331 armorum
825 2263 1155 2342 potentia,
1189 2273 1324 2325 n'on
1364 2261 1663 2325 extremis
1690 2260 2014 2342 suppliciis
2047 2262 2109 2327 δε
2139 2263 2389 2342 poenis,
2419 2265 2528 2329 sed
2556 2265 2702 2337 fim-

313 2349 472 2434 plici
509 2343 846 2430 Evangelii
891 2343 1356 2425 praedicatione
1382 2383 1407 2423 2
1454 2342 1906 2425 propositione
1947 2345 2372 2425 praemiorum
2417 2359 2705 2413 aeterno-

314 2452 504 2512 rum,
542 2439 651 2496 aut
679 2446 1019 2510 poenarum
1054 2423 1165 2492 sed
1195 2446 1333 2491 non
1368 2425 1486 2490 nisl
1513 2425 1580 2490 in
1607 2429 1802 2490 altera
1832 2425 1965 2490 vita
2000 2425 2477 2494 subeundamm
2509 2429 2578 2496 in
2606 2431 2711 2498 soa

313 2517 619 2583 cietatem
642 2511 705 2577 &
725 2523 976 2578 coetum
1001 2521 1399 2597 coegerunt:
1438 2508 1505 2581 in
1529 2510 1829 2576 omnibus
1858 2509 2062 2575 secuti
2086 2510 2576 2595 suntpraecepta
2607 2510 2708 2583 sui

311 2596 601 2683 Magistri
624 2593 796 2663 illud
826 2612 980 2659 cum
1014 2595 1215 2658 Petro
1237 2592 1559 2658 dicentes:
1590 2605 1863 2681 argentum
1891 2593 1966 2667 ἓξ
1993 2613 2178 2655 aarum
2203 2614 2305 2655 non
2333 2597 2402 2673 est
2430 2596 2557 2662 mibi
2582 2597 2701 2686 (c)

311 2681 450 2747 sine
487 2680 641 2763 pera
674 2677 737 2741 δι
773 2677 959 2741 sacco
978 2715 1002 2754 2
1033 2675 1169 2740 sine
1204 2676 1480 2740 bacculo
1511 2694 1638 2739 una
1672 2672 1968 2738 contenti
2011 2673 2232 2738 tunica
2265 2674 2695 2763 incesserunt,

318 2783 492 2830 arma
514 2779 653 2827 non
685 2758 803 2824 nisi
830 2756 1172 2841 spiritualia
1196 2756 1623 2822 adhibuerunt
1652 2756 1773 2842 (d)
1804 2754 1974 2820 bona
2003 2761 2038 2819 a
2067 2755 2369 2823 fidelibus
2401 2758 2478 2825 ad
2501 2762 2718 2843 pedes·

320 2847 611 2931 ipsorum
644 2863 728 2909 ex
759 2842 955 2909 rebus
990 2839 1340 2906 divenditis
1381 2839 1584 2906 delata
1603 2879 1627 2920 2
1667 2851 1775 2904 aut
1821 2857 1905 2903 ex
1940 2838 2286 2920 spontanea
2321 2841 2704 2915 liberalitate

324 2932 540 2999 oblata
563 2929 630 2992 in
662 2943 1015 2991 commune
1048 2925 1474 2990 contulerunt
1492 2963 1517 3002 2
1554 2941 1771 3006 eoque
1806 2925 1928 3001 pro
1963 2923 2434 2991 necessitatibus
2463 2947 2703 3024 egeno-

325 3033 475 3079 rum
491 3054 514 3092 2
554 3028 950 3094 pauperum,
980 3006 1322 3072 viduarum
1341 3046 1367 3086 2
1394 3006 1788 3091 aliarumque
1811 3003 2223 3085 personarum
2251 3009 2710 3083 miserabilium.

324 3110 625 3180 tanquam
649 3091 877 3156 fideles
906 3090 1362 3172 dispensatores
1397 3086 1872 3155 distribuerunt.
1959 3090 2123 3176 Quis
2149 3088 2279 3171 jam
2305 3095 2416 3157 vel
2439 3099 2703 3163 accutis-

326 3179 504 3243 simae
542 3175 702 3241 aciei
731 3174 940 3240 oculis
976 3175 1087 3238 vel
1119 3172 1412 3251 umbram
1437 3171 1689 3253 imperii
1725 3173 1864 3239 five
1901 3172 1969 3237 in
2003 3175 2354 3243 vocatione
2377 3215 2402 3256 ,
2453 3175 2588 3245 five
2630 3181 2698 3247 in

324 3278 594 3332 munere
614 3257 677 3326 &
696 3257 1010 3343 potestate
1027 3256 1530 3342 Apostolorum,
1547 3253 1610 3322 δι
1626 3256 1966 3343 utriusque
1992 3257 2307 3326 exercitio
2321 3260 2650 3415 peRspicift
2665 3267 2696 3331 ’ἑ

2472 3344 2564 3410 liu

329 3431 410 3497 (a)
443 3429 519 3480 uti
538 3425 708 3478 faenum
729 3426 791 3477 est
811 3428 858 3477 in
886 3425 1108 3478 defitient
1130 3441 1178 3489 7.
1196 3426 1506 3477 macenorum
1520 3456 1536 3486 ,
1555 3422 1760 3483 Μθὼῐτ,
1776 3424 1823 3473 in
1848 3423 2139 3490 abrogatione
2163 3423 2372 3490 legalium
2397 3427 2486 3482 ιὰ.
2508 3445 2527 3480 ι
2538 3446 2588 3496 5·

325 3501 414 3565 (b)
451 3502 556 3545 Cum
580 3500 654 3545 Sos
681 3496 990 3571 peu-siquenm·
1012 3500 1066 3552 in
1084 3497 1283 3551 cife‘uee
1299 3492 1389 3563 ista
1402 3525 1418 3560 ,
1432 3492 1590 3563 fugm
1610 3495 1666 3545 in
1689 3494 1837 3547 aliam
1865 3495 2008 3549 Math.
2033 3511 2114 3557 ιο.
2141 3511 2190 3549 v·
2215 3514 2240 3549 2
2248 3511 2302 3562 3·

322 3569 409 3704 {33
441 3565 550 3686 23:
571 3569 782 3697 ξιξ.
1001 3601 1004 3604 ·
