2970 3918
382 210 479 277 24
1277 210 1279 212 ·
1341 183 1551 275 Cmput
1585 182 1639 255 Ι.
1690 191 1763 271 §-
1794 181 1900 256 Χ.

385 355 517 405 tur.
543 336 650 421 (a)
738 335 913 400 Huic
959 329 1253 412 opinioni
1293 330 1425 395 duo
1463 330 1851 411 petiffimum
1898 329 2149 395 obstant
2178 370 2202 410 2
2256 348 2425 398 1.mo
2472 336 2652 419 quod
2682 339 2750 401 in

382 420 692 489 coalitioe
711 416 1048 478 hominum
1072 430 1228 474 mox
1245 419 1633 478 Dem'ocratiam
1653 414 1949 498 adeoque
1968 414 2343 478 societatem
2365 415 2753 500 inaequalem

381 506 731 586 supponat,
757 497 824 559 id
848 493 1031 580 quod
1065 506 1304 578 pugnat
1335 507 1564 559 contra
1595 495 1792 560 fidem
1822 495 2204 560 historicam.
2227 495 2345 580 (b)
2411 499 2747 579 Alterum,

379 583 567 672 quod
591 578 806 645 credat
828 577 1094 641 eandem
1107 576 1356 657 imperii
1377 576 1695 643 rationem
1717 579 1782 641 in
1801 579 2167 660 Principem
2190 578 2542 659 transferri³
2558 601 2754 665 quam·

382 681 566 736 antea
591 662 872 742 populus
901 661 968 723 in
996 660 1175 721 Statu
1199 662 1489 724 exercuit
1516 661 1985 725 Democratico
2013 702 2036 739 2
2074 662 2248 745 quafi
2274 681 2442 724 vero
2465 665 2749 745 populus

379 770 515 817 non
543 743 734 891 poflgt
769 752 878 805 aut
911 741 1230 807 minorem
1255 783 1279 823 2
1319 754 1428 807 aut
1471 742 1783 824 majorem
1815 744 2199 829 potestatem
2239 744 2307 809 in
2354 747 2750 826 Imperantes

372 847 540 897 trans
573 847 662 891 un
711 843 846 890 ere.
1511 882 1515 883 γ

398 954 401 957 -
573 913 673 976 Ex
707 908 805 972 his
839 905 971 998 jam
1008 904 1336 989 sequitur,
1378 906 1559 991 quod
1592 907 2296 976 strut'turasivitatum
2342 908 2637 974 consistat
2679 909 2748 975 in

378 997 496 1063 illo
537 1011 714 1058 nexu
743 989 923 1055 civili
947 1002 1117 1052 mter
1151 992 1542 1070 Imperantes
1580 991 1643 1056 &
1671 992 1957 1057 subditos
1996 1013 2078 1057 ex
2103 991 2304 1072 pastis
2337 1005 2515 1056 antea
2543 993 2747 1075 expli-

374 1078 530 1144 catis
570 1074 937 1138 resultante.
1068 1071 1207 1151 Ipse
1252 1084 1466 1135 tamen
1498 1093 1701 1137 nexus
1751 1075 2102 1140 secundum
2134 1073 2254 1137 tria
2296 1071 2745 1155 dijudicandus

374 1160 504 1238 est,
547 1177 779 1237 nempe
816 1151 1170 1220 secundum
1193 1155 1380 1235 ραᾶα,
1409 1161 1603 1238 finem,
1644 1157 1705 1221 &
1720 1162 1958 1239 formam
1987 1159 2287 1241 imperandi.
2405 1157 2515 1221 De
2543 1157 2745 1239 pastis

372 1242 683 1308 haetenus
719 1238 986 1322 egimuS.
1095 1234 1256 1321 Quis
1299 1235 1374 1298 fit
1394 1241 1513 1315 finis
1546 1240 1875 1303 ultimatus
1913 1239 2303 1318 Civitatum,
2346 1238 2641 1305 nondum
2676 1240 2745 1303 in

372 1326 595 1406 aprico
639 1321 751 1386 est.
874 1320 940 1383 Si
980 1319 1164 1382 illum
1201 1337 1283 1380 ex
1314 1319 1564 1403 origine
1599 1320 1950 1385 Civitatum
1985 1321 2237 1384 emetiri
2265 1322 2579 1400 velimuS,
2630 1321 2760 1387 ille

373 1407 682 1492 profesto
721 1404 878 1468 alius
912 1401 1037 1464 effe
1065 1420 1199 1463 non
1226 1403 1436 1481 potest
1465 1402 1853 1486 (loquimur
1890 1402 1970 1466 de
1998 1402 2379 1469 Civitatibus
2403 1404 2586 1483 justis
2613 1404 2747 1470 fine
2783 1419 2791 1425 “

370 1489 686 1558 violentia
723 1482 1109 1552 introductis
1146 1484 1182 1566 >
1240 1503 1430 1566 quam
1481 1489 1738 1546 Securitas
1785 1484 1996 1566 publica
2016 1532 2035 1559 ,
2088 1486 2151 1549 δι
2199 1485 2469 1550 beatitudo
2519 1487 2748 1552 Civilis

374 1576 436 1641 δι
478 1570 779 1658 quidem,
813 1569 861 1631 ss
902 1564 1252 1630 hodiernos
1279 1564 1594 1630 Politicos
1635 1562 1999 1642 audiamus,
2057 1586 2237 1630 mere
2279 1580 2527 1642 externa,
2574 1567 2749 1650 apud

373 1676 542 1742 quos
579 1669 930 1718 commune
963 1645 1128 1710 illud
1165 1658 1467 1731 tanquam
1505 1647 1707 1726 prima
1748 1649 1857 1710 lex
1899 1646 2391 1713 fundamentalis
2433 1648 2746 1717 invainit:

368 1741 520 1804 Salus
545 1735 729 1820 populi
756 1738 991 1815 suprema
1026 1729 1119 1792 Iex
1150 1731 1270 1807 esto.
1390 1731 1616 1812 Atque
1648 1728 1791 1793 haec
1821 1728 1949 1808 ipsa
1984 1729 2092 1794 illa
2128 1733 2235 1795 lex
2271 1731 2401 1810 est,
2446 1752 2529 1798 ex
2557 1733 2745 1815 cujus

366 1818 599 1885 laxiori
637 1810 1168 1892 interpretatione
1208 1821 1312 1873 tot
1340 1811 1723 1889 prodierunt
1754 1811 2208 1878 sententiarum
2245 1813 2548 1909 &legum
2575 1818 2745 1900 poli-

364 1904 637 1967 ticarum
660 1894 975 1975 monstra3
995 1892 1152 1958 dum
1170 1892 1358 1985 multi
1374 1894 1514 1956 laxe
1526 1893 1712 1957 nimis
1729 1912 1868 1957 eam
1893 1895 2396 1975 interpretantur
2410 1897 2566 1963 inde
2581 1899 2747 1966 infe-

317 2035 321 2040 .
366 1997 620 2060 rentes,
667 1976 1063 2065 Cynosuram
1100 1993 1400 2053 unicam,
1443 1973 1520 2038 ad
1550 1995 1741 2061 quam
1779 1977 2235 2057 imperantibus
2275 1979 2344 2042 in
2381 1979 2609 2047 ordine
2647 1984 2744 2049 sui
2776 1990 2778 1992 ’

364 2064 691 2152 regiminis
707 2057 1176 2141 respiciendum
1189 2056 1315 2134 est,
1345 2059 1470 2120 effe
1489 2058 1705 2136 salutem
1717 2060 1900 2143 populi
1921 2071 2218 2132 externam,
2243 2059 2617 2157 eisdemque
2645 2067 2744 2131 in·

368 2144 908 2224 circumscriptam
925 2137 1181 2222 prorsus
1208 2139 1586 2221 potestatem
1611 2138 1945 2204 vindicant
1964 2159 2036 2204 ea
2060 2140 2274 2204 omnia
2298 2144 2560 2229 agend1,
2589 2167 2742 2231 quae

369 2232 448 2296 ad
476 2224 943 2315 procurandam
982 2222 1247 2307 salutern
1277 2222 1691 2303 Reipublicae
1729 2237 2056 2288 externam
2098 2222 2189 2287 eis
2215 2228 2329 2289 vel
2366 2228 2741 2310 necessaria,

370 2317 482 2377 vel
522 2310 703 2375 utilia
734 2306 1130 2372 videbuntur
1143 2345 1175 2382 ‚—
1211 2303 1527 2397 quidquid
1566 2307 1739 2397 leges
1773 2304 2081 2383 Divinae,
2122 2306 2632 2389 Ecclesiasticae,
2676 2313 2740 2377 &

369 2396 612 2461 Civiles
644 2392 1015 2454 reclament.
1135 2385 1472 2452 Videntur
1496 2387 1683 2451 nobis
1719 2385 2092 2466 hujusmodi
2114 2391 2224 2453 vel
2250 2389 2488 2456 nullius
2511 2395 2624 2458 vel
2653 2396 2749 2458 la-‘

370 2478 573 2542 xioris
615 2471 1030 2538 conscientiae
1065 2471 1458 2549 Interpretes
1500 2468 1568 2534 id
1595 2468 1798 2550 ipsum
1845 2470 2101 2549 facere„
2145 2470 2327 2563 quod
2373 2473 2469 2538 illi
2505 2473 2741 2543 fasturi
2781 2486 2783 2490 '

368 2562 606 2637 essent,
653 2556 766 2641 qui
803 2575 882 2619 ex
909 2553 1063 2640 Jure
1108 2551 1296 2636 gladii
1335 2551 1743 2633 Principibus
1777 2552 2077 2617 concess'o
2119 2552 2448 2619 vindicare
2493 2561 2741 2623 vellent
2773 2571 2776 2574 ’

369 2643 747 2708 illimitatam
773 2633 1150 2718 potestatem
1175 2632 1511 2698 addicendi
1543 2653 1753 2718 rogo>
1791 2631 2126 2698 damnandi
2165 2633 2243 2698 ad
2275 2634 2561 2717 furcam,
2600 2645 2740 2721 ple-

370 2724 589 2792 &endi
625 2719 834 2801 capite
876 2735 1101 2782 omnes
1132 2716 1194 2780 &
1230 2717 1511 2799 singulos
1549 2717 1679 2780 fine
1717 2716 2080 2780 discrimine
2114 2715 2342 2797 sexus>
2386 2722 2626 2806 aetatis,
2660 2726 2738 2791 «87.
2783 2734 2787 2742 ²

366 2812 623 2889 culpae,
662 2804 811 2867 illos
839 2800 1068 2879 etiam,
1108 2818 1275 2881 quos
1304 2801 1481 2862 nulla
1509 2798 1763 2862 sceleris
1793 2798 2184 2864 conscientia
2215 2819 2366 2865 reos
2395 2804 2538 2888 agit.
2622 2810 2737 2873 An

367 2891 662 2955 nesciunt
688 2885 755 2949 hi
790 2887 984 2962 tales>
1030 2879 1248 2975 quod,
1293 2880 1456 2945 ficut
1494 2881 1705 2947 omnis
1743 2884 2000 2966 regula,
2042 2882 2130 2946 ita
2169 2882 2359 2949 etiam
2387 2888 2593 2954 omnis
2627 2894 2737 2956 lex

368 2974 506 3038 suas
543 2972 768 3036 habeat
817 2976 1274 3045 exceptiones5
1318 2964 1647 3049 variasque
1679 2965 1946 3045 recipiat
1980 2962 2393 3030 limitationes
2432 2988 2513 3033 ex
2542 2974 2733 3038 variis
2831 3001 2834 3004 ·

366 3058 616 3140 legibus
645 3071 783 3117 non
817 3049 1021 3115 modo
1057 3045 1449 3111 naturalibus
1477 3046 1614 3130 (c)
1646 3044 1752 3108 sed
1790 3048 1980 3112 etiam
2013 3045 2283 3129 divinis>
2330 3050 2390 3116 ὅτ
2419 3050 2733 3202 11111113ῧί3.

2246 3170 2248 3173 .
2671 3160 2736 3203 ἃ,

372 3218 477 3288 (a)
512 3215 625 3281 Ipsas
659 3218 778 3283 lege·
802 3215 1035 3267 ‘naturales
1066 3213 1298 3263 admittere
1325 3212 1550 3274 Epickiam
1587 3210 1826 3275 improprie
1853 3209 1986 3260 talem
2009 3226 2148 3263 nemo
2163 3212 2251 3274 est,
2284 3217 2361 3280 qui
2393 3232 2546 3283 neget.
2612 3226 2736 3274 Alia,

503 3300 734 3347 nunquam
767 3283 1080 3333 malefactores
1114 3283 1318 3330 occidere
1352 3281 1526 3338 licem,
1563 3278 1839 3342 pereundum
1868 3276 1973 3329 effer
2006 3282 2128 3332 fame
2152 3284 2198 3330 in
2220 3298 2419 3335 exttema
2444 3291 2730 3350 necestitate,

503 3357 657 3401 omnia
696 3353 811 3400 bella
849 3351 1002 3399 forent
1030 3349 1210 3407 injusta,
1250 3347 1506 3397 reddendus
1528 3345 1647 3396 fetet
1671 3344 1841 3415 gladius
1866 3347 1942 3397 svo
1972 3349 2188 3411 domino,
2220 3352 2296 3399 exli
2334 3354 2430 3419 quia
2450 3358 2731 3423 praevidetet,

512 3419 634 3479 qnod
658 3418 742 3467 hoc
770 3418 919 3482 gladio
945 3417 993 3464 fit
1014 3415 1304 3464 occidendus.

370 3489 473 3555 (b)
510 3492 580 3535 De
607 3487 670 3534 bi·
690 3486 896 3534 omnibus
917 3485 1001 3532 vid.
1025 3483 1326 3532 Pufeudotfius
1349 3480 1427 3529 tib.
1444 3496 1488 3542 7.
1503 3493 1666 3542 capa.
1706 3481 1923 3546 Boehmtt.
1949 3482 2027 3532 lib.
2049 3498 2094 3537 ι.
2115 3499 2212 3549 cap.
2233 3502 2280 3537 2.

370 3562 403 3628 (
423 3577 446 3610 c
459 3561 490 3624 J
521 3562 633 3605 Non
658 3556 779 3605 enim
802 3555 969 3603 Gentes
989 3551 1104 3616 quafi
1124 3568 1179 3600 ex
1203 3551 1419 3600 condielo
1430 3580 1448 3613 ,
1468 3550 1532 3598 uti
1546 3546 1748 3615 supponit
1765 3552 1970 3601 Hubetut
1983 3580 2004 3608 ‚
2022 3566 2363 3614 convenerunt,
2386 3571 2532 3625 neque
2550 3576 2657 3610 mox
2680 3561 2727 3613 in

2588 3645 2730 3680 unum
