2970 3918
1119 193 1232 270 De
1261 191 1441 268 Statu
1473 189 1762 286 Ecclessae.
2541 209 2574 268 5
2593 211 2622 270 3

232 361 363 412 tam
406 343 811 426 Principibus
845 382 871 422 2
900 359 1091 428 quam
1125 346 1554 412 Pontificibus
1582 386 1607 425 ‚
1631 338 2026 433 Episcopis‘,
2071 335 2134 403 &
2173 333 2287 419 ipfi
2330 335 2640 436 Ecclesiae

232 431 344 494 sua
378 429 765 514 assignentur
789 426 934 505 jura
962 430 992 490 ἓ
1032 428 1250 510 itaque
1297 428 1795 494 Reformatores
1837 420 2172 504 Episcopis
2204 420 2312 485 sua
2347 439 2470 501 Jura
2518 429 2640 502 Ept-

220 515 456 596 scopatia
480 559 499 584 ‚
533 510 595 574 &
629 508 856 589 Caetui*
870 508 977 570 sua
997 511 1118 587 jura
1144 512 1437 595 Collegialia
1466 511 1837 595 relinquere
1866 503 2264 570 debuiffent:
2311 520 2507 586 quare
2537 520 2637 562 er-

233 613 316 665 go
352 592 460 654 ista
486 588 795 655 Ecclesiae
839 588 1285 672 subtraxerunt
1301 631 1324 667 ³
1367 592 1429 655 δε
1453 593 1581 657 suis
1605 589 2006 671 Principibus
2033 584 2491 650 vindicarunt?
2512 602 2634 648 nec

235 661 576 738 causentur
617 669 879 733 abusum
925 670 1321 745 Pontificum
1365 673 1426 735 δε
1470 673 1943 754 Episcoporum
1998 669 2123 735 suis
2176 667 2429 749 J'uribus
2474 665 2632 729 abu-

234 755 511 819 tentium
554 793 583 830 >
625 752 782 835 quin
826 750 959 814 imo
1011 755 1137 834 jura
1199 754 1336 816 Colle
1375 758 1500 816 iulia
1563 754 1676 818 fibi
1744 755 1887 837 ipsis
1931 773 2046 834 per
2100 751 2192 819 fas
2244 792 2268 830 2
2329 749 2390 815 ὅτ
2450 747 2630 813 nefas

238 834 672 918 arrogantium
721 856 735 895 :
797 832 948 897 inde
1002 835 1178 898 enim
1223 836 1335 919 qui
1422 834 1713 919 sequitur
1752 878 1775 916 ,
1831 834 1946 900 nisi
1990 833 2171 920 quod
2208 831 2633 899 debuissent-

233 922 471 983 tollere
511 915 792 986 'abusum
826 957 849 995 2
910 919 972 983 &
1008 916 1289 980 retinere
1355 917 1605 981 bonum
1656 918 1863 985 usum.
2012 916 2077 980 Si
2115 915 2327 982 dicant
2356 955 2379 993 2
2447 913 2631 1001 quod

227 1013 440 1066 coetus
501 1000 631 1079 ipse
692 996 799 1059 sua
851 1000 978 1080 jura
1035 996 1334 1084 Collegialia
1377 1017 1458 1062 ex
1515 1017 1737 1084 magna
1772 1011 1951 1079 parte
1989 999 2280 1065 voluerit
2318 1038 2342 1077 ³
2401 997 2462 1062 &
2502 1017 2624 1079 po-

230 1084 431 1148 tuerit
488 1080 938 1159 in-Piincipes
994 1084 1395 1143 transferre:
1461 1093 1692 1160 petunt
1743 1081 2173 1160 principium,
2234 1081 2294 1145 &
2351 1081 2480 1144 hoc
2535 1082 2630 1162 ip-

227 1167 367 1230 sum
406 1164 532 1228 illis
562 1163 966 1242 probandum
1014 1161 1330 1226 incumbit
1362 1183 1382 1244 3
1434 1163 1616 1246 quod
1662 1183 1990 1246 nunquam
2020 1172 2331 1244 poterunt
2374 1204 2396 1240 ,
2469 1164 2619 1247 quia

231 1245 604 1312 verosimile
660 1264 796 1308 non
835 1243 927 1307 est
966 1284 990 1323 2
1037 1244 1223 1327 quod
1276 1245 1459 1327 plebs
1516 1246 1777 1311 excuffo
1839 1243 1998 1328 jugo
2060 1246 2270 1325 Papali
2313 1283 2335 1320 2
2390 1246 2487 1308 uti
2528 1242 2622 1308 di-

227 1344 389 1398 cunt
414 1369 439 1407 ,
492 1330 688 1410 longe
727 1325 927 1406 majus
982 1345 1149 1389 onus
1199 1326 1315 1390 fibi
1363 1327 1698 1409 imponere
1737 1369 1760 1407 2
1799 1328 1861 1391 &
1897 1331 2009 1392 vel
2048 1326 2263 1388 omnia
2303 1326 2411 1398 sua
2449 1326 2619 1409 jura,

228 1414 342 1478 vel
368 1410 707 1477 maximam
736 1409 1003 1472 illorum
1024 1419 1270 1488 partem
1305 1409 1372 1472 in
1404 1409 1555 1475 suos
1582 1414 1976 1491 Imperantes
2021 1407 2468 1476 transfundere
2498 1430 2621 1473 vo-

228 1492 448 1561 luerit.
503 1493 588 1556 Et
616 1489 772 1576 quid
797 1490 847 1554 fi
874 1508 1180 1575 negemus
1200 1530 1224 1569 2
1262 1491 1444 1579 quod
1487 1495 1553 1556 in
1586 1493 1848 1558 arbitrio
1883 1490 2387 1561 Christianorum
2423 1491 2622 1555 fuerit

229 1596 426 1652 novam
453 1579 728 1657 Reglminix
764 1577 992 1648 formam
1030 1572 1451 1638 introducere
1480 1615 1505 1652 ³
1543 1576 1802 1660 suisque
1832 1574 2083 1654 juribus
2115 1573 2242 1642 sese
2279 1574 2620 1639 abdicare?

234 1659 387 1743 quia
419 1654 792 1722 Christianis
815 1653 1227 1720 insistendum
1254 1655 1345 1718 est
1372 1663 1558 1738 forme
1592 1662 1860 1743 Regiminis
1906 1660 1941 1720 a
1973 1657 2227 1724 Christo
2274 1657 2578 1722 institutae
2595 1696 2619 1735 2

232 1755 445 1825 quam¹
467 1750 598 1801 tam
630 1755 855 1818 parum
879 1737 1218 1804 immutare
1255 1750 1363 1802 aut
1398 1738 1658 1803 abolere
1683 1738 1940 1819 poffunt
1963 1780 1987 1817 2
2031 1759 2468 1824 quamparum
2501 1738 2620 1803 do-

230 1834 436 1908 gmata
459 1818 615 1886 fidei
652 1817 1020 1896 eliminare,
1060 1830 1167 1887 aut
1191 1820 1376 1886 usum
1405 1823 1966 1890 Sam-amentorum
2015 1827 2050 1888 a
2077 1820 2331 1885 Christo
2372 1822 2618 1887 institu-

226 1912 451 1970 torum
485 1903 724 1985 tollere
750 1900 817 1963 in
847 1901 1113 1963 illorum
1145 1902 1271 1964 effe
1287 1902 1601 1982 potestate
1629 1901 1878 1967 scimus.
1923 1906 2089 1967 Haec
2113 1905 2405 1988 quamvis
2435 1925 2617 1968 com-

231 1985 488 2052 modius
523 1981 689 2047 infra
714 1978 925 2058 afferri
954 1982 1343 2062 potuifl'ent:
1424 1984 1548 2055 uia,
1582 1997 1798 2047 tamen
1842 1983 1905 2046 se
1948 1985 2056 2054 sua
2096 1987 2324 2066 sponte
2370 1991 2612 2051 calamo

229 2062 972 2158 scribenti-obtruserunt
987 2105 1010 2144 2
1038 2007 1512 2151 anticipatoiiic
1534 2065 1602 2135 in
1626 2065 1913 2140 medium
1937 2070 2233 2154 proferre
2255 2069 2613 2150 voluimuS,

229 2170 316 2219 ne
339 2154 379 2218 e·
409 2165 721 2218 memoria
749 2147 1177 2218 elaberentur.
1543 2201 1546 2206 .
1950 2162 1955 2167 ‘

1227 2293 1304 2400 §.
1368 2293 1655 2384 XXIII.

277 2462 411 2524 Am
436 2456 778 2544 quomodo
809 2454 972 2523 DD.
1000 2459 1446 2526 Protestantici
1483 2461 1547 2523 in
1592 2459 1999 2544 exsplicando
2031 2462 2145 2527 suo
2175 2464 2472 2548 dogmate
2501 2483 2610 2528 va·

226 2468 273 2623 J
314 2542 481 2605 rient
505 2586 531 2620 .,
560 2539 915 2632 videamus.
1002 2545 1077 2604 ln
1106 2563 1189 2605 eo
1221 2556 1434 2607 autern
1467 2527 1862 2624 po'tiffimum
1898 2546 2186 2610 laborant
2217 2588 2238 2624 2
2273 2548 2610 2642 qualenam

226 2624 304 2688 fit
325 2623 819 2688 fundamentum
857 2622 1157 2687 illimitati
1186 2632 1340 2709 Juris
1373 2631 1423 2688 in
1444 2633 1588 2702 sacra
1622 2667 1646 2704 7
1689 2625 1872 2711 quod
1899 2627 2022 2692 suis
2046 2629 2446 2711 Princip1bus
2467 2630 2611 2694 vin·

225 2705 438 2771 dicare
478 2703 907 2789 contendunt.
1000 2706 1160 2770 Tria
1179 2717 1395 2771 autem
1419 2707 1814 2789 potiffimum
1842 2710 1983 2774 sunt
2005 2751 2028 2788 2
2064 2711 2130 2774 in
2170 2714 2400 2795 quibus
2474 2716 2606 2778 Re-

224 2787 611 2853 formatores
635 2789 803 2852 inter
839 2784 903 2850 se
932 2785 1355 2873 digladiantur
1383 2829 1406 2867 ‚
1477 2811 1761 2875 quorum
1789 2792 2062 2871 primum
2095 2794 2285 2875 ipsam
2326 2797 2609 2860 Societa-

223 2882 405 2950 tem,
440 2872 712 2935 alterum
732 2867 1222 2935 fundamentum
1266 2870 1434 2958 Juris
1477 2873 1542 2936 in
1577 2873 1744 2937 sacra
1782 2875 2184 2954 Principibus
2229 2889 2606 2958 competen-

224 2953 308 3029 tis
342 2990 367 3029 ‚
413 2952 679 3017 tertium
713 2949 1140 3021 direffionem
1183 2954 1412 3018 finium
1464 2954 1632 3020 inter
1685 2955 1831 3039 Jura
1866 2958 2175 3032 Principis
2215 3000 2239 3037 2
2312 2959 2373 3023 δε
2414 2960 2605 3041 ipsius

218 3033 554 3118 collegii,
607 3035 720 3097 vel
742 3044 940 3113 prout
981 3036 1085 3101 alii
1112 3038 1296 3121 loqui
1333 3050 1540 3100 amant
1568 3079 1591 3118 ‚
1632 3038 1802 3103 inter
1842 3037 1992 3124 Jura
2017 3045 2346 3127 Mujestatim
2377 3043 2439 3108 δι
2479 3046 2599 3106 Co!-

215 3117 426 3208 legialia
458 3116 717 3197 spestat.
886 3119 1217 3204 Quantum
1246 3119 1324 3184 ad
1351 3120 1540 3201 ipsam
1571 3123 1954 3185 Societatem
1999 3135 2339 3205 quaerunt,
2382 3145 2458 3188 an
2482 3125 2601 3188 fit„

273 3198 518 3265 erfeEte
543 3203 784 3291 equalis,
802 3203 913 3264 vel
935 3197 1051 3264 suo
1076 3200 1279 3266 modo
1304 3206 1587 3282 inaequalis,
1616 3204 1677 3269 δι
1704 3205 1893 3286 quale
1915 3203 1981 3266 in
2012 3224 2084 3266 ea
2111 3207 2299 3272 detur
2329 3215 2559 3294 Regimen
2576 3211 2606 3271 3

223 3222 527 3350 {Dubium
566 3293 776 3345 oritur
808 3299 887 3344 ex
921 3281 1053 3363 ipsa·
1080 3282 1394 3349 divisione
1435 3286 1875 3349 membrorum
1916 3284 2104 3365 hujus
2145 3289 2476 3355 societatis
2517 3290 2604 3354 sa-

225 3385 360 3431 crae
401 3387 416 3426 ε
464 3361 737 3427 diximus
778 3362 948 3429 enim
987 3363 1169 3446 supra
1195 3406 1220 3444 o
1267 3364 1448 3452 quod
1499 3366 1754 3449 quidam
1803 3386 1938 3431 non
1973 3369 2088 3434 nifi
2134 3371 2298 3439 duos
2360 3386 2602 3454 ponant

228 3447 529 3521 ordineS,
557 3463 789 3524 nempe
821 3452 1125 3508 Auditorum
1146 3495 1165 3521 ‚
1194 3449 1255 3514 ὅτ
1285 3450 1571 3511 Βοῑὶονιιηι
1605 3495 1621 3522 ,
1653 3450 1753 3513 alii
1784 3461 1914 3514 tres
1955 3492 1978 3529 ,
2034 3465 2394 3539 Imperantaeum
2422 3505 2438 3528 ,
2490 3466 2604 3519 Ου’-

227 3535 447 3614 rentium
478 3526 539 3594 &
565 3525 937 3595 audientium:
984 3528 1079 3595 illi
1102 3531 1350 3614 priores
1357 3529 1661 3679 c13kz1tuu11t
1702 3532 2091 3605 Societatem
2121 3543 2392 3624 aequalem:
2416 3557 2494 3604 ex
2520 3558 2603 3602 eo

1458 3630 1496 3696 3
2407 3639 2607 3698 emm)
