2970 3918
1078 179 1195 262 'De
1221 180 1404 265 Statu
1434 171 1730 279 Ecclest‘ae.⁶
1758 210 1763 211 *
2496 207 2590 273 41

207 336 544 433 plerasque
596 335 773 404 Afiae
818 337 885 402 δε
923 335 1176 400 Africae
1215 338 1522 402 Civitates
1561 335 1860 419 perhibet
1896 326 2164 396 Hertius
2213 330 2383 413 apud
2420 334 2595 404 laud.

205 423 473 505 Magnit.
505 423 661 505 (a).
783 417 946 485 72.(10
974 418 1283 483 Civitates
1315 420 1742 494 patrimoniales,
1785 434 2056 503 quarum
2079 413 2276 495 ‘supra
2301 419 2595 482 memini-

208 522 372 569 mus.
421 506 655 570 Utrum
683 501 925 567 Civitas
966 503 1343 582 patrimonialis
1381 519 1611 565 revera
1640 500 1717 563 fit
1758 496 2119 582 irregularis
2155 518 2226 561 ex
2255 499 2364 577 fine
2387 545 2403 572 ‚
2446 500 2600 564 affe-

201 606 346 648 rere
386 606 521 648 non
547 583 857 649 audemus
881 604 897 643 z
943 580 1080 645 esto
1121 581 1294 643 enim
1324 584 1789 665 Imperantibus
1813 585 1892 646 fit
1924 581 2130 644 libera
2155 577 2423 645 facultas
2448 584 2601 648 alie-

202 669 393 731 nandi
425 708 449 746 9
485 668 548 732 &
575 678 704 728 tam
737 664 909 727 inter
930 662 1125 726 vivos
1156 702 1178 739 9
1221 682 1411 746 quam
1453 667 1681 728 mortis
1705 667 1886 730 causa
1907 661 2322 744 disponendi9
2361 663 2603 733 adhuc-

205 750 363 813 dum
389 746 683 828 primaria
727 745 1015 829 ipsorum
1052 743 1234 807 causa
1275 743 1353 808 ad
1387 749 1725 823 ficuritatem
1761 748 2021 827 publicam
2062 756 2362 830 tanquam
2396 747 2603 818 finem

201 831 575 912 primarium
600 828 892 894 Civitatis
925 825 1374 910 cujuscunque
1392 828 1724 892 collimare
1743 827 1976 894 debet:
2019 848 2166 894 nam
2191 829 2599 914 quaerimuS„

202 933 281 979 an
308 910 448 978 talis
484 911 724 976 Civitas
751 930 834 977 ex
855 907 1167 976 consensu
1196 909 1457 972 Civium
1482 912 1594 973 vel
1635 917 1802 975 tacito
1825 914 1938 975 vel
1961 916 2264 994 presumpta
2299 911 2339 995 ζ
2365 915 2599 998 'quidni

202 997 421 1062 dicere
444 995 634 1060 liceat
658 998 919 1058 extorto
939 992 1020 1075 3)
1046 990 1213 1055 fasta
1236 990 1312 1053 fit
1332 993 1721 1076 patrimonialis
1744 1039 1763 1066 ‚
1805 997 1918 1063 vel
1949 1013 2027 1057 an
2061 996 2450 1074 Imperantes
2487 1000 2602 1066 seu

201 1092 335 1144 arte
363 1078 473 1142 seu
495 1077 907 1141 Marte'sslam
930 1075 1208 1139 fecerint
1239 1073 1710 1156 patrimonialem?
1745 1075 2064 1161 quidquid
2093 1074 2379 1142 dicamus
2416 1121 2440 1159 9
2471 1102 2601 1150 nec

200 1162 314 1243 ipli
345 1163 545 1226 Cives
563 1159 920 1241 primariam
951 1155 1411 1241 obligationem
1438 1157 1830 1234 procurandi
1848 1158 2255 1223 securitatem
2275 1162 2600 1240 publicam

200 1246 326 1310 suis
352 1242 820 1324 Imperantibus
856 1241 1190 1305 remittere
1213 1241 1574 1302 voluerunt
1600 1276 1624 1315 9
1680 1257 1806 1304 nec
1831 1239 1946 1320 ipfi
1989 1243 2382 1321 Imperantes
2412 1247 2490 1309 ab
2522 1267 2600 1314 ea

200 1331 264 1395 se
301 1326 582 1390 eximere
607 1334 989 1405 potuerunt.
1073 1323 1388 1416 Irregularef
1424 1319 1706 1404 denique
1743 1343 1814 1385 ex
1827 1326 1930 1400 fine
1959 1321 2103 1386 sunt
2123 1323 2431 1392 Civitates
2460 1349 2601 1398 om-

200 1429 313 1475 nes
342 1451 365 1488 9
411 1425 562 1492 quae
589 1406 994 1471 securitatem
1018 1405 1343 1484 pubhcam
1367 1414 1538 1466 mter
1572 1404 1829 1468 ultimas
1863 1424 2045 1468 curas
2071 1421 2365 1487 ponunt9‘
2398 1410 2601 1479 finem

199 1493 574 1578 primarium
596 1509 733 1555 non
760 1488 878 1552 niss
918 1489 986 1552 in
1007 1485 1344 1551 dilatandis
1373 1486 1621 1550 finibus
1637 1527 1659 1566 9
1695 1488 2154 1552 coacervandis
2189 1491 2420 1571 opibus
2459 1501 2602 1561 col-

201 1582 422 1642 locant
450 1615 474 1652 9
521 1574 583 1638 δι
604 1571 925 1658 quidquid
947 1571 1180 1635 habent
1204 1569 1581 1633 facultatum
1609 1570 1671 1635 δι
1695 1569 1932 1634 virium
1956 1573 2024 1636 in
2049 1572 2314 1637 alendos
2334 1578 2600 1659 milites9

200 1658 601 1739 illorumque
625 1674 972 1721 numerum
995 1657 1182 1718 velut
1215 1653 1282 1716 in
1315 1651 1694 1716 immensum
1731 1654 2099 1738 augendum
2129 1658 2498 1740 collocant9
2538 1663 2604 1728 δι

204 1755 509 1821 tempore
543 1738 715 1819 pacis
744 1757 884 1801 non
910 1747 1159 1800 tantum
1198 1735 1443 1798 bellum
1477 1735 1767 1819 cogitant
1793 1775 1817 1814 9
1859 1735 2147 1822 idqu‘od
2191 1741 2603 1820 prudentissi·
2716 1750 2718 1752 ’

201 1842 467 1890 morum
500 1820 592 1886 est
627 1861 651 1899 9
695 1839 930 1885 verum
956 1819 1147 1882 etiam
1174 1814 1481 1880 effestive
1503 1817 1749 1881 bellum
1786 1836 2009 1902 gerere
2045 1820 2385 1905 videntur9
2407 1839 2602 1915 atque

201 1907 366 1971 adeo
413 1905 481 1968 in
511 1902 732 1968 medio
770 1908 951 1970 Statu
996 1899 1288 1964 Civitatis
1333 1898 1396 1976 δι.
1426 1898 1779 1963 securitatis
1821 1909 2031 1964 Statum
2064 1903 2183 1968 belli
2207 1905 2441 1973 fovent
2460 1913 2599 1988 ,ὧδε

200 1991 534 2064 nutriunt,
570 2005 655 2049 eo
692 1982 875 2070 quod
913 1980 1151 2045 subditi
1179 1999 1372 2065 aeque
1405 1991 1702 2062 tempore
1726 1982 1910 2064 {pacis
1954 2002 2028 2047 ac
2063 1984 2219 2052 belli
2262 1976 2597 2058 exceffixis

197 2069 641 2137 exaffionibus
660 2108 685 2147 9
721 2067 782 2133 δι
805 2064 1060 2129 tributis
1086 2065 1172 2128 ita
1205 2074 1556 2149 graventur
1584 2106 1607 2144 9
1643 2085 1715 2130 ac
1747 2063 1922 2151 quafi
1949 2083 2377 2154 emungantur
2399 2116 2422 2155 9
2453 2097 2524 2141 ac
2548 2078 2596 2142 fi

196 2152 517 2219 Hannibal
542 2150 717 2215 foret
757 2160 901 2212 ante
933 2151 1160 2211 Portas
1182 2186 1208 2226 9
1238 2158 1314 2211 ut
1343 2146 1541 2211 hostis
1566 2148 1698 2230 ipse
1727 2188 1751 2226 9
1787 2147 1835 2211 fi
1872 2165 2058 2234 agros
2082 2151 2457 2240 fundosque
2486 2160 2596 2224 de-

197 2239 663 2317 popularetur,
691 2232 804 2295 vix
839 2229 1153 2309 majorem
1177 2227 1373 2293 edere
1401 2229 1673 2314 stragem
1697 2231 1878 2312 posse
1916 2231 2237 2303 videatur.
2337 2244 2502 2307 Haec
2535 2244 2598 2310 δε

198 2320 298 2385 his
324 2315 548 2380 similia
578 2313 627 2375 si
663 2312 805 2397 quis
829 2311 907 2374 ad
930 2310 1221 2374 stateram
1249 2310 1413 2374 sanae
1436 2313 1667 2375 mentis
1698 2313 2019 2393 expendat
2048 2355 2072 2394 9
2107 2317 2399 2386 dubitare
2435 2326 2595 2390 inci-

200 2400 374 2481 piet,
417 2414 495 2460 an
530 2395 781 2479 aliqua,
818 2394 880 2459 &
907 2410 1206 2477 quaenam
1243 2391 1573 2457 hodiernis
1608 2394 2011 2476 temporibus
2054 2397 2130 2462 fit
2171 2402 2277 2466 illa
2322 2405 2592 2489 Civitas9

200 2499 353 2566 quae
378 2478 628 2566 „gulam
653 2496 724 2538 ex
738 2482 835 2555 Juo
849 2479 954 2554 fine
973 2473 1102 2538 dici
1137 2486 1426 2539 meretur
1451 2478 1481 2539 ’ἔ
1515 2478 1698 2558 procul
1745 2488 1881 2539 certe
1909 2522 1927 2551 ,
1971 2478 2043 2553 85
2079 2481 2144 2545 de
2183 2484 2374 2548 ultimis
2401 2491 2594 2566 finibus

194 2571 422 2650 pretium
455 2563 576 2644 ejus.
657 2558 759 2622 Ne
785 2568 999 2620 tamen
1026 2558 1327 2621 omnibus
1351 2558 1412 2622 δι
1435 2557 1692 2643 singulis
1726 2558 2113 2625 Civitatibus
2144 2562 2479 2635 detrahere
2496 2574 2590 2636 vi—

199 2646 467 2710 deamur
497 2680 522 2720 9
554 2638 810 2722 praestat
848 2637 1237 2725 distinguere
1270 2640 1442 2704 inter
1476 2640 1746 2705 hodiernus
1779 2641 2126 2724 Civitates9
2168 2646 2339 2714 haud
2367 2653 2546 2720 secus
2565 2699 2589 2735 9

199 2746 392 2813 quam
439 2723 608 2787 inter
661 2721 970 2787 Civitates
1029 2728 1272 2806 antiquas
1318 2722 1381 2788 &
1409 2727 1685 2807 primevas
1724 2745 1740 2786 ε
1831 2726 2333 2797 uemadmodum
2378 2738 2595 2804 enim..

197 2817 237 2876 a
267 2819 566 2886 tempore
604 2804 866 2890 originis
890 2805 1251 2870 'Civitatum
1281 2802 1468 2869 fuere
1494 2805 1788 2871 homines
1860 2807 2103 2873 ellicofi
2135 2854 2160 2894 9
2195 2814 2463 2883 libidine
2490 2842 2591 2886 re-

231 2887 431 2955 ·nandi
459 2928 483 2968 9
534 2885 813 2972 suosque
857 2884 1021 2952 fines
1066 2886 1368 2953 dilatandi
1409 2887 1624 2952 studio
1669 2890 1880 2974 agitati
1923 2932 1944 2969 9
1993 2893 2105 2977 qui
2130 2897 2286 2962 dum
2314 2903 2586 2986 rapinis9

221 2973 390 3040 ‘urtis
423 3012 446 3049 9
486 2968 816 3033 violentiis
858 2969 1098 3034 alienos
1145 2971 1306 3034 fines
1341 2972 1709 3036 invaserunt
1744 3013 1769 3051 9
1809 2974 1993 3037 bonis
2028 2979 2588 3054 Patribusfamilias

196 3050 632 3123 neceffitatem
667 3052 972 3117 fecerunt
993 3051 1181 3133 justae
1210 3052 1599 3118 defensionis
1617 3054 1797 3117 causa
1824 3057 2112 3123 coeundi
2151 3063 2218 3128 in
2247 3065 2584 3152 Civitates9

198 3144 285 3208 ita
310 3138 502 3201 etiam
535 3134 765 3228 dantur
800 3132 999 3199 hodie
1026 3176 1049 3215 9
1086 3137 1198 3231 qui
1233 3137 1401 3201 bella
1433 3137 1743 3201 continua
1769 3137 2178 3226 minitantur9
2201 3146 2265 3212 δι’.
2288 3148 2419 3215 hoc
2448 3152 2584 3235 ipso

194 3218 598 3296 mitioribus,
621 3234 794 3297 pacis
821 3216 882 3282 &
910 3215 1261 3286 secumtatis
1291 3220 1485 3284 unice
1510 3219 1860 3286 amantibus
1891 3221 2168 3293 ferream
2196 3228 2442 3298 faciunt
2473 3259 2588 3304 ne-

196 3298 630 3373 necessitatem
654 3340 678 3377 9
716 3310 793 3362 ut
836 3297 899 3363 δι
922 3299 1039 3380 ipsi
1066 3301 1479 3366 numerosum
1526 3301 2204 3376 militem-conducant
2226 3354 2250 3394 9
2290 3315 2586 3385 foveant-

200 3408 329 3477 que
363 3427 386 3466 ,
412 3395 604 3468 atque
637 3378 1005 3447 immensam
1036 3382 1583 3533 divitiaruvaim
1614 3383 1867 3468 semper
1899 3388 2171 3459 habeant
2224 3413 2580 3484 paratam„

196 3558 226 3626 (
240 3556 296 3621 2)
333 3552 424 3603 ωδ,
449 3562 594 3611 rcflp-
610 3563 657 3609 4.
679 3544 801 3596 διὰ.
824 3562 864 3595 ι.
888 3549 930 3615 §-
955 3561 999 3595 ι·
1026 3544 1102 3598 ubi
1123 3548 1302 3601 ulterius
1319 3546 1583 3605 Civitatibus
1605 3547 1816 3608 betilibut
1839 3569 1994 3625 patum
2022 3556 2242 3620 nbfimiltu
2266 3567 2347 3622 effe
2374 3509 2585 3625 Cisigtlen

334 3620 676 3687 AEgyptiotum,
707 3615 991 3679 Turenum,
1023 3614 1373 3674 Moscovimum
1389 3621 1477 3686 δεῖ,
