2970 3918
358 181 496 248 138
1248 163 1444 262 Caput
1475 165 1558 239 ΙΙ.
1608 171 1676 254 5.
1706 154 1842 238 XI.

335 316 647 382 consensu
680 313 955 380 Domini
990 313 1432 380 Territorialis
1460 317 1524 380 in
1565 315 2083 400 Metropoliticas
2124 314 2390 381 fuerunt
2429 321 2726 400 elevatae)

342 399 538 463 hodie
572 402 715 463 illos
739 398 1095 477 Episcopos
1123 399 1461 478 oportebit
1474 403 1789 482 appellare
1817 401 2269 480 Metropolitas
2299 442 2322 480 9
2381 403 2729 480 cujuscun-

336 501 471 567 que
499 482 670 543 urbis
702 480 820 542 fint
841 480 1142 562 Episcopi
1173 481 1210 563 ζ
1228 484 1382 546 licet
1416 482 1626 548 adhuc
1660 483 1858 549 hodie
1890 484 2302 549 communius
2336 482 2489 546 haec*
2524 482 2731 568 digni-

339 576 431 626 tas
473 565 538 626 in
577 560 933 644 Episcopos
975 563 1238 628 urbium
1274 568 1905 647 Metropoliticarum
1950 564 2311 631 transfundi
2347 567 2730 652 contingat)

338 648 450 728 qui
478 645 838 724 provinciae
870 685 894 724 9
925 646 988 710 &
1021 646 1275 711 caeteris
1307 648 1372 711 in
1398 669 1473 713 ea
1500 651 1860 716 constitutis
1886 650 2217 730 Episcopis
2247 668 2397 712 cum
2419 648 2567 729 jure
2589 653 2732 714 Me·-

337 729 718 806 tropolitico
749 728 1055 809 praesunt.
1143 731 1374 794 Solent
1416 735 1973 799 autemrauthores
2010 733 2177 796 haud
2223 733 2402 796 secus
2451 731 2732 816 quadru-

336 810 524 891 plicis
555 813 802 895 generis
837 813 1294 893 Metropolitas
1315 853 1339 894 9
1371 837 1561 900 quam
1588 818 1895 882 Primates
1920 857 1942 894 9
1975 829 2049 878 ut
2085 816 2264 877 antea
2292 815 2606 894 diximus>
2633 815 2730 879 di-

333 893 658 977 stinguere
677 934 699 971 9
728 912 962 976 nempe
988 902 1345 976 Honorarios,
1375 902 1590 983 quales
1610 911 1786 963 erant
1819 899 2097 963 seniores
2124 898 2190 960 in
2219 898 2426 984 aliqua
2460 898 2729 978 provin-

334 977 433 1039 cia
462 976 804 1059 Episcopi,
840 977 906 1039 in
947 996 1112 1062 quos
1141 978 1289 1043 sede
1327 993 1596 1045 vacante
1620 1023 1642 1063 9
1675 985 1783 1048 vel
1808 982 2230 1061 Metropolita
2263 980 2574 1057 impedito
2608 1000 2728 1061 po-

335 1059 518 1122 testas
547 1060 1034 1139 Metropolitica
1061 1061 1577 1129 transferebatur.
1671 1068 1957 1137 Ίῖτιιὶανες,
1987 1065 2099 1147 qui
2128 1062 2657 1145 fuerunthpisco
2707 1065 2728 1141 i

335 1142 590 1206 illarum
616 1142 875 1224 urbium
899 1184 921 1222 9
962 1145 1197 1229 quibus
1228 1148 1653 1226 Imperatores
1680 1146 1944 1211 titulum
1973 1147 2290 1226 Metropolis
2313 1143 2630 1209 dederunt
2676 1168 2725 1210 ι·

334 1241 420 1290 ne
448 1224 762 1307 potestate
787 1238 1004 1298 tamen
1031 1227 1092 1291 δε
1111 1225 1565 1306 jurisdiffione
1601 1229 1853 1310 speciali
1882 1246 1940 1310 3.
1968 1228 2271 1309 Episcopi
2293 1227 2730 1294 Ecclefiarum

333 1313 635 1372 Matricum
663 1349 685 1386 9
716 1327 933 1373 earum
964 1327 1236 1390 nempe,
1272 1331 1421 1397 quae
1462 1312 1536 1374 ab
1563 1312 1705 1391 ipfis
1729 1311 2066 1391 Apostolis
2105 1310 2248 1373 sunt
2278 1311 2626 1390 institutae,
2659 1311 2723 1377 &

332 1402 471 1467 4.to
511 1392 869 1473 Episcopos
897 1394 1110 1456 urbium
1136 1397 1688 1478 Metropoliticarum,
1713 1395 1825 1476 qui
1857 1393 2034 1457 hisce
2064 1391 2330 1456 urbibus
2367 1414 2518 1460 cum
2534 1406 2726 1477 pote·-

332 1475 488 1539 state
511 1475 577 1537 in
601 1485 808 1539 totam
842 1475 1285 1557 provinciam„
1324 1476 1385 1539 &
1417 1476 1589 1539 illius
1620 1476 1977 1556 Episcopos
2002 1486 2341 1554 praeerant.
2716 1504 2732 1511 2

500 1557 611 1621 De
637 1557 906 1649 Origine
931 1558 1504 1638 Metropolitarum
1521 1557 1850 1623 videamus
1871 1599 1894 1636 9
1923 1556 2006 1620 de
2031 1577 2154 1642 qua
2167 1557 2297 1638 jam
2321 1557 2504 1641 supra
2520 1599 2542 1637 9
2566 1557 2721 1623 dum

334 1639 418 1703 de
444 1640 823 1705 Patriarchis
857 1640 1102 1723 egimus
1123 1681 1145 1719 9
1179 1639 1388 1722 aliqua
1421 1638 1715 1705 diximus.
1782 1644 1939 1706 Eam
1968 1641 2094 1703 ess‘e
2123 1641 2577 1723 perobscuram
2610 1661 2723 1706 ne·

332 1743 444 1785 mo
472 1721 660 1786 facile
693 1722 1042 1817 negaverit.
1127 1726 1360 1787 Petrus
1397 1720 1480 1785 de
1505 1727 1721 1789 Marca
1752 1743 1889 1786 eam
1924 1724 1999 1786 ab
2027 1723 2365 1804 Apostolis
2397 1724 2523 1789 ess‘e
2552 1723 2720 1787 deri·

331 1804 606 1868 vandam
630 1805 942 1870 existimat
970 1804 1237 1870 afferens
1260 1846 1283 1884 9
1308 1805 1488 1890 quod
1529 1807 1603 1868 ab
1631 1806 1728 1870 his
1767 1806 1964 1870 Titus
1989 1847 2012 1884 9
2055 1806 2118 1871 ὅτ
2149 1806 2541 1873 Timotheus
2574 1847 2596 1885 9
2640 1804 2718 1870 ad

333 1907 500 1971 quos
531 1887 747 1951 scribit
768 1886 1130 1969 Apostolus
1159 1891 1393 1952 Paulus
1410 1927 1433 1965 9
1460 1889 1910 1968 Metropolitoe
1951 1888 2192 1951 fuerint
2220 1889 2551 1954 constituti
2568 1930 2591 1966 9
2631 1908 2715 1952 eo

331 1970 513 2054 quod
557 1971 841 2051 ipsorum
890 1969 1308 2035 sollicitudini
1356 1969 1625 2055 integrae
1671 1970 2042 2035 Provinciae
2086 1969 2330 2033 fuerint
2386 1971 2716 2052 subjestae.

328 2054 506 2125 Huic
540 2054 872 2117 sententiae
899 2050 1223 2140 suffragari
1246 2051 1551 2119 videntur
1573 2053 1884 2119 Eusebius
1901 2093 1923 2130 9
1953 2052 2012 2118 &
2040 2051 2550 2136 Chrysostomus.
2576 2057 2718 2118 Ve-
2766 2068 2769 2070 ·

328 2157 475 2199 rum
505 2137 678 2202 enim
703 2155 865 2200 vero
894 2176 919 2218 9
962 2136 1102 2220 quis
1134 2155 1268 2200 non
1312 2137 1524 2218 primo
1567 2155 1725 2199 mox
1771 2137 2010 2200 obtutu
2048 2133 2262 2198 videat
2289 2175 2313 2213 9
2358 2134 2539 2219 quod
2570 2134 2716 2202 haec

330 2219 558 2297 opinio
586 2218 798 2283 solido
826 2229 1034 2283 careat
1056 2218 1516 2299 fundamento>
1544 2238 1747 2302 quum
1776 2216 2005 2282 nullibi
2029 2219 2303 2304 legatur,
2332 2215 2714 2298 quod-Apo-

327 2302 476 2364 stoli
505 2301 817 2385 quosdam
845 2301 1297 2365 constituerint
1322 2301 1678 2382 Episcopos
1702 2321 1854 2364 cum
1873 2298 2081 2382 aliqua
2106 2298 2590 2378 praeeminentia
2612 2297 2714 2361 su-

328 2405 440 2465 pra
473 2389 804 2449 caeteros?
848 2385 914 2447 in
955 2383 1240 2464 epistolis
1275 2384 1456 2447 Pauli
1490 2383 1567 2446 ad
1593 2382 1825 2450 Titum
1865 2381 1926 2446 &
1966 2380 2398 2445 Timotheum
2428 2399 2564 2443 non
2599 2378 2715 2444 nisi

331 2487 404 2534 ea
431 2467 805 2533 referuntur
830 2507 854 2545 9
887 2484 1036 2552 quae
1078 2468 1223 2531 sunt
1254 2467 1624 2531 communia
1654 2463 1951 2529 omnibus
1993 2463 2322 2543 Episcopis
2347 2503 2370 2540 9
2422 2463 2579 2549 quin
2604 2464 2717 2526 vel

331 2549 670 2620 minimum
698 2550 855 2634 quid
900 2550 1362 2629 contineatur7
1415 2569 1495 2612 ex
1513 2569 1666 2695 1ἓιὶο
1715 2546 1990 2628 amplior
2039 2547 2108 2608 in
2153 2546 2310 2608 alios
2358 2547 2415 2610 E
2462 2545 2719 2638 iscopos

332 2633 637 2696 transfusa
658 2632 1020 2710 jurisdictio
1047 2634 1221 2718 argui
1245 2633 1471 2712 posset.
1588 2631 1694 2696 ein
1726 2629 1993 2704 demus2
2024 2627 2205 2715 quod
2234 2630 2388 2712 Apo
2448 2629 2539 2691 oh
2562 2630 2717 2711 Epi-

332 2717 537 2796 scopis
566 2723 599 2778 a
628 2715 690 2778 se
716 2714 1023 2779 ordinatis
1055 2717 1438 2795 subjecerint
1479 2714 1748 2798 integras
1797 2711 2161 2793 provincias
2193 2751 2216 2788 9
2241 2728 2420 2796 ‘num
2451 2723 2718 2793 propte-

330 2819 438 2863 rea
483 2799 821 2862 evaserunt
854 2799 1302 2878 Metropolitae
1331 2802 1359 2861 ’ἑ
1404 2796 1828 2876 Metropolita
1861 2813 1992 2856 non
2027 2800 2060 2856 ἐι
2089 2791 2490 2874 subjeffione
2518 2793 2718 2858 solius

332 2883 733 2961 provinciae,
767 2881 873 2944 sed
899 2884 1008 2945 vel
1034 2882 1306 2945 maxime
1324 2880 1607 2961 ipsorum
1634 2878 2106 2958 Episcoporum
2125 2876 2294 2940 suam
2323 2875 2510 2943 habet
2535 2896 2716 2959 mens

332 2965 537 3027 suram
570 2988 584 3026 ε
632 2977 692 3026 at
710 2984 874 3027 vero
904 2974 1113 3027 tantus
1138 2984 1221 3026 eo
1249 2976 1543 3043 ternpore
1564 2980 1696 3022 non
1722 2971 1855 3022 erat
1879 2959 2352 3041 Episcoporum
2378 2962 2733 3039 numerus2'

333 3060 407 3107 ut
439 3047 768 3127 Episcopis
791 3087 812 3123 9
841 3067 1010 3130 quos
1037 3046 1445 3109 instituerunt
1470 3043 1774 3122 Apostoli
1805 3083 1828 3118 9
1868 3061 2097 3104 eorum
2141 3043 2335 3124 aliqui
2380 3042 2717 3122 potuerint

337 3129 592 3206 subjici„
623 3133 729 3192 vel
757 3129 803 3191 fi
834 3130 1142 3207 fuerunt>
1169 3129 1250 3192 de
1286 3126 1684 3206 subjectione
1711 3123 2082 3204 hujusmodi
2110 3126 2268 3188 nihil
2290 3126 2540 3209 legitur.
2574 3123 2716 3189 Alii

337 3212 690 3274 existimant
713 3252 736 3289 9
770 3231 902 3275 non
929 3215 1140 3277 multo
1168 3210 1312 3292 post
1337 3223 1630 3290 tempora
1663 3207 2139 3288 Apostolorum
2171 3220 2586 3287 erumpentes
2619 3206 2715 3273 se-

340 3295 466 3356 &tas
497 3334 518 3368 9
565 3293 928 3371 schismata,
960 3296 1021 3359 &
1060 3291 1529 3359 controverfias
1553 3291 1724 3354 inter
1746 3291 1913 3369 ipsos
1937 3291 2292 3370 Episcopos
2319 3291 2577 3355 obortas
2600 3308 2713 3352 nea
2751 3366 2757 3371 .

338 3375 687 3440 celsitatem
718 3375 1028 3440 induxiss'e
1045 3417 1068 3454 9
1093 3387 1168 3440 ut
1198 3376 1265 3439 in
1297 3373 1608 3460 quosdam
1630 3373 1985 3454 Episcopos
2012 3394 2133 3454 pro
2165 3371 2537 3436 decidendis
2563 3390 2712 3435 cau-

339 3460 414 3522 sis
447 3457 717 3540 amplior
745 3458 1304 3526 transfunderetur
1327 3455 1732 3543 jurisdisti0,
1778 3457 1920 3544 quis
1953 3457 2125 3526 enim
2161 3456 2308 3522 alias
2341 3454 2713 3523 terminatu-

1088 3570 1091 3571 ’
2601 3554 2714 3604 TUS
