2970 3918
1127 172 1244 249 De
1274 169 1456 247 Statu
1487 167 1779 266 Ecclesia.
2286 260 2291 265 ¹
2546 183 2586 250 8
2605 193 2633 247 ι

251 333 479 412 clefia,
531 330 594 398 &
638 326 952 413 potestate
985 325 1267 390 clavium
1293 323 1681 403 obtrudant,
1719 332 1866 387 ante
1901 317 2116 386 omnia
2148 317 2336 385 nobis
2368 319 2492 388 erit
2524 319 2636 386 de·-

145 416 148 418 ’
249 414 736 484 monstrandum
759 453 784 491 2
832 411 896 476 81,
932 406 1194 495 quidem
1223 408 1534 492 imprimis
1564 405 1904 493 loquendo
1936 403 2018 469 de
2043 402 2180 486 ipso
2197 407 2341 483 statu
2369 408 2635 484 civitatis,

245 503 293 565 1'1
322 503 432 565 ille
450 500 526 562 sit
545 515 742 561 verus
764 492 1078 578 genuinus
1091 491 1324 555 unicus
1352 490 1760 557 &effentialis
1783 500 2141 569 conceptus
2154 491 2412 567 civitatis,
2438 505 2638 570 quem

247 584 361 666 ipsi
392 583 508 647 fibi
539 600 620 644 ex
654 577 752 641 ori
798 576 943 651 ine,
977 573 1110 635 fine
1138 614 1162 651 2
1189 573 1415 637 mediis
1453 575 1515 639 &
1545 593 1757 653 nexu,
1795 594 1868 638 ac
1889 584 2028 637 tota
2059 568 2376 635 stm&ura
2414 570 2638 634 civita-

246 683 388 733 tum
427 662 612 749 gratis
645 679 730 723 cu
776 667 895 720 unt
919 697 942 734 2
986 655 1049 720 &
1074 653 1425 733 fabricant,
1469 659 1709 737 procul
1747 657 1950 723 dubio
1986 655 2187 721 νὶξὶειε
2229 652 2379 717 dare
2417 673 2641 720 manus

242 763 597 842 cogemur,
629 754 791 805 tunc
816 739 1189 820 praecipue,
1225 737 1274 800 sl
1307 738 1383 801 ad
1404 737 1635 804 statum
1659 738 2168 804 construendum
2193 755 2268 801 ea
2306 735 2383 800 fit
2419 739 2643 803 neces-

245 832 398 894 sana
431 824 710 907 potestas
739 821 1026 902 imperii,
1066 831 1143 884 ut
1167 821 1493 901 Imperans
1525 822 1890 904 habeat-jus
1925 819 2080 886 vitae
2110 821 2172 888 δι
2213 820 2430 900 necis,
2476 822 2540 888 &
2567 823 2642 888 vi

243 925 531 976 extrema
567 908 637 972 in
661 906 792 982 {suo
837 903 1154 988 regimine
1198 909 1428 967 'contra
1460 903 1908 971 inobedientes
1932 947 1955 984 2
2005 905 2067 970 δε
2101 902 2506 970 refrastarios
2539 904 2643 972 uti

241 999 474 1060 valeat.
560 989 686 1056 Sed
717 987 1037 1053 undenam
1069 985 1387 1069 probant,
1420 987 1603 1071 quod
1632 988 1738 1053 hic
1759 989 1837 1052 fit
1869 1000 2224 1070 conceptus
2256 989 2641 1068 reipublicae

238 1075 612 1143 universalis
652 1073 1141 1156 cnjuscunque,
1194 1069 1257 1134 &
1293 1069 1478 1153 quod
1514 1072 1722 1134 omnis
1759 1076 1948 1135 civitas
1988 1083 2119 1135 tam
2148 1072 2588 1136 Ecclefiastica
2611 1114 2637 1154 2

284 1181 433 1226 uam
461 1157 818 1242 politicam
849 1155 954 1218 sua
989 1153 1238 1248 origine
1261 1193 1284 1230 2
1319 1151 1454 1216 fine
1472 1193 1495 1231 2
1531 1152 1758 1216 mediis
1777 1193 1801 1230 2
1838 1153 1900 1218 &
1935 1153 2252 1220 strustura
2276 1157 2639 1220 convenire

239 1186 521 1311 aebeat?
561 1259 723 1304 anne
751 1257 975 1302 omnes
999 1236 1334 1303 socletates
1359 1237 1639 1321 aequales
1664 1236 1732 1300 in
1753 1236 1850 1298 his
1879 1237 2176 1301 omnibus
2200 1239 2641 1304 conveniunt?

243 1327 388 1415 quis
424 1323 592 1407 ipsos
630 1322 1006 1389 Distatooes
1042 1317 1423 1399 constituit,
1468 1330 1544 1382 ut
1580 1318 1848 1383 illorum
1888 1333 2248 1402 conceptus
2291 1322 2641 1388 necess'ario

244 1418 281 1477 a
303 1408 491 1475 nobis
512 1405 802 1488 adoptari
833 1403 1149 1470 debeant?
1176 1403 1223 1468 fi
1240 1414 1612 1484 provocent
1633 1401 1711 1467 ad
1734 1400 1985 1468 sensum
2012 1406 2644 1475 comunemDofto-

242 1513 392 1560 rum
424 1491 743 1569 omnium,
774 1489 1186 1572 replicamus)
1216 1488 1390 1551 hunc
1412 1486 1536 1551 effe
1552 1492 1906 1551 cofnunem
1938 1488 2183 1551 sensum
2212 1489 2504 1569 illorum,
2529 1492 2645 1575 qui

244 1577 440 1642 unice
470 1576 701 1638 statum
733 1572 1075 1653 politicum
1105 1590 1241 1636 non
1281 1589 1446 1634 vero
1474 1569 1992 1636 Ecclefiasticum
2025 1571 2424 1651 mensurare,
2462 1574 2524 1639 &
2550 1573 2646 1638 di·

242 1660 459 1726 metiri
482 1658 986 1723 consueverunt.
1032 1657 1258 1750 Itaque
1282 1653 1468 1718 nobis
1489 1652 1789 1733 videtur„
1830 1651 2013 1738 quod
2053 1667 2418 1738 conceptus
2445 1658 2647 1721 effen-

242 1744 407 1810 tialis
422 1740 806 1823 reipublicae
827 1737 1126 1804 consistat
1153 1758 1220 1803 in
1242 1735 1532 1820 perfetta
1561 1735 2089 1803 subordinatione
2112 1739 2566 1822 imperantium
2581 1740 2647 1807 &

245 1825 729 1904 obedientium,
761 1824 829 1888 in
851 1823 988 1886 fine
1020 1820 1357 1887 communi
1392 1827 1427 1886 a
1450 1820 1639 1885 sociis
1671 1820 1946 1903 praefixo
1971 1862 1995 1902 >
2039 1821 2107 1885 in
2146 1823 2474 1889 elec‘tione
2508 1844 2647 1889 me·

244 1911 521 1975 diorum*
535 1907 613 1973 ad
647 1904 1178 1991 consequendum
1215 1904 1419 1969 finem
1449 1915 1790 1985 aptorum,
1819 1924 1894 1968 ac
1927 1903 2189 1970 demum
2220 1907 2287 1970 in
2324 1907 2642 1989 impeiiO‚

241 1996 312 2059 in
377 1990 606 2058 mediis
659 1989 971 2055 coactivis
1003 2029 1026 2068 2
1079 2000 1209 2052 tam
1259 1987 1556 2068 respestu
1602 1986 2014 2052 subditorum
2065 2010 2258 2074 quam
2309 1990 2503 2071 ipfius
2563 1991 2642 2054 fi-

245 2077 345 2141 nis
372 2073 880 2158 proportionatis
900 2115 925 2152 ‚
964 2071 1234 2157 aliisque
1262 2071 1514 2152 juribus
1548 2070 1881 2152 praecipue
1920 2070 2178 2138 ferendi
2205 2076 2378 2158 leges
2398 2115 2421 2153 9
2468 2074 2645 2142 deci-

246 2157 442 2224 dendi
466 2157 716 2236 causas>
756 2154 1090 2238 plectendi
1114 2155 1326 2235 poenis
1353 2154 1630 2236 imperio
1661 2155 1943 2220 annexiS.
1996 2157 2164 2220 Haec
2193 2157 2240 2220 fi
2267 2157 2507 2239 adsint,
2529 2178 2646 2223 ne-

242 2243 379 2309 scio
417 2239 720 2323 profe-Sto
752 2237 913 2334 quid
938 2237 1018 2303 ad
1052 2236 1551 2302 construendam
1577 2238 1909 2303 civitatem
1940 2242 2109 2304 ultra
2135 2238 2474 2306 defiderari
2498 2242 2646 2324 pos-

245 2324 345 2390 sit.
435 2327 656 2410 Quare
689 2340 863 2385 enlm
898 2320 1194 2388 omnium
1230 2320 1570 2384 civitatum
1601 2318 1830 2385 eadem
1873 2319 2139 2387 deberet
2176 2324 2361 2408 origo
2400 2325 2463 2390 &
2499 2327 2643 2411 qui-

248 2407 400 2472 dem
426 2409 617 2482 vitiosa
642 2406 1067 2489 plerumque,
1105 2399 1270 2467 ficut
1308 2401 1435 2468 fuit
1461 2403 1647 2487 origo
1678 2403 2014 2468 civitatum
2050 2406 2483 2487 politicarum.
2526 2411 2644 2476 An

247 2509 386 2554 non
413 2488 505 2552 est
541 2487 609 2552 in
637 2488 902 2552 arbitrio
938 2485 1262 2552 Authoris
1296 2498 1545 2550 naturae
1574 2486 1964 2552 authoritate
1988 2489 2250 2570 propria
2290 2489 2642 2557 constitue-

245 2571 701 2649 recivitatem,
730 2570 791 2635 &
814 2569 883 2632 in
904 2587 1044 2633 eam
1060 2569 1355 2634 homines
1385 2571 1497 2634 vel
1517 2568 1827 2650 invitare,
1859 2573 1969 2635 vel
1989 2613 2014 2650 2
2041 2582 2116 2635 ut
2133 2573 2199 2636 in
2216 2593 2356 2638 eam
2375 2591 2637 2658 coeant,

241 2658 426 2737 juxta
445 2653 926 2736 beneplacitum
954 2652 1140 2717 suum
1162 2656 1563 2735 compellere
1588 2657 1617 2719 2
1660 2673 1861 2719 eccur
1875 2654 2022 2721 finis
2050 2657 2346 2721 omnium
2357 2659 2641 2723 Rerum-

247 2737 653 2821 publicarum
692 2735 958 2801 deberet
1000 2735 1125 2800 ess'e
1157 2734 1372 2816 idem,
1409 2756 1647 2820 nempe
1679 2741 1934 2803 Securitas
1967 2740 2228 2821 publica?
2268 2740 2450 2825 quod
2485 2742 2532 2805 fi
2561 2741 2641 2805 fi-

246 2823 346 2888 nis
377 2817 590 2904 potest
617 2819 742 2885 effe
762 2818 1082 2899 diversus>
1117 2818 1243 2901 ipsa
1273 2821 1467 2886 etiam
1494 2819 1706 2887 media
1726 2821 1985 2905 poffunt
2017 2822 2143 2887 ess'e
2175 2822 2460 2904 diversa,
2480 2826 2639 2911 quin

246 2905 327 2971 ad
368 2902 883 2971 constituendam
911 2902 1241 2970 civitatem
1282 2904 1709 2971 determinate
1741 2906 2168 2987 praepotentia
2203 2908 2472 2982 virium,
2518 2929 2640 2976 nu·

246 2988 484 3057 merofi
533 2986 812 3053 militum
850 2986 1212 3069 exercitUS,
1264 3007 1599 3073 opumque
1637 2989 1938 3053 immensa
1980 2991 2317 3091 congeries
2356 2993 2639 3077 requira-
2749 3040 2751 3043 ψ

250 3088 395 3140 tur:
444 3069 656 3136 dicant
681 3071 869 3134 nobis
895 3110 921 3148 ‚
959 3091 1156 3155 quare
1186 3075 1410 3158 potestas
1449 3077 1654 3151 Imperii
1689 3073 2034 3139 necess'ario
2064 3096 2185 3157 Jure
2215 3075 2434 3163 gladii,
2478 3079 2638 3143 vitae

249 3159 314 3224 &
355 3153 532 3220 necis
565 3152 797 3219 debeat
832 3153 959 3219 ess'e
993 3159 1271 3219 armata?
1303 3154 1462 3240 quid
1489 3153 1535 3217 fi
1564 3155 1895 3221 Dominus
1926 3157 2154 3237 DeuS,
2195 3157 2307 3243 qui
2336 3156 2511 3224 solus
2546 3161 2639 3226 est

247 3240 485 3306 author
509 3237 667 3303 vitae
692 3238 756 3305 87.
792 3237 968 3303 necis
988 3278 1014 3319 2
1050 3238 1165 3304 fibi
1196 3238 1317 3303 soli
1335 3238 1441 3320 jus
1473 3236 1661 3322 gladii
1682 3240 2089 3321 reservaffet‚
2129 3239 2210 3306 de
2240 3252 2494 3308 coetero
2529 3266 2639 3310 au-

246 3339 385 3390 tem
419 3321 772 3405 Imperium
805 3321 939 3387 aliis
968 3320 1196 3388 mediis
1230 3321 1680 3404 compulsoriis
1705 3323 2026 3405 armaffet‚
2062 3325 2124 3392 &
2154 3324 2222 3390 in
2249 3326 2637 3407 imperantes

249 3422 492 3473 coetera
533 3406 749 3470 omnia
776 3402 919 3484 jura
960 3406 1108 3470 alias
1140 3405 1450 3487 Majestati
1478 3425 1719 3470 annexa
1757 3407 2219 3475 transtuliss'et?
2259 3430 2420 3476 anne
2462 3411 2637 3478 defe-

244 3491 532 3562 stuosam
569 3489 717 3557 fore
744 3490 1240 3574 Rcmpublicam
1287 3489 1621 3557 dicemus?
1670 3488 1884 3559 dicant
1918 3492 2146 3576 nobis>
2188 3512 2383 3582 quare
2427 3492 2636 3562 solum

1460 3571 1516 3645 L
2471 3585 2554 3664 jus
