2970 3918
326 220 430 304 46
1204 207 1399 304 Caput
1431 210 1485 284 1.
1533 218 1603 299 9¹.
1638 207 1819 287 XX.

341 363 579 429 delicet
597 371 692 428 'ex
710 360 1052 426 traditione
1089 357 1543 440 deducuntur,
1591 363 1653 427 &
1684 361 1758 457 ab
1787 362 2074 428 Ecclefia
2100 383 2231 446 per
2249 369 2602 438 Pontifices
2642 375 2708 438 in

342 447 651 513 Conciliis
691 459 820 507 tam
853 442 1252 527 generalibus
1281 485 1305 522 ,
1364 464 1555 529 quam
1595 446 2079 526 particularibus
2125 448 2396 515 fuerunt
2446 453 2710 520 definita

339 533 774 599 eliminaverat
804 524 979 609 (a),
1023 524 1085 590 &
1111 526 1461 590 Ecclesiam
1494 547 1630 590 non
1661 540 1910 594 tantum
1941 529 2009 593 in
2035 532 2435 616 Religionis,
2478 556 2711 602 verum

311 617 527 681 ‘etiam
569 608 946 687 Disciplinae
983 607 1296 700 capitibus
1341 612 1705 676 multorum
1749 632 2045 677 errorum
2067 654 2089 692 ,
2135 617 2484 697 abusuum,
2531 617 2710 682 defe-

334 702 596 770 stuum,
640 710 712 754 ac
730 690 1213 773 usurpationum
1247 692 1686 772 accusaverat,
1733 695 1794 759 &
1821 695 2027 759 ferme
2052 717 2311 763 omnem
2339 700 2495 763 iram
2527 699 2709 764 furo-

336 784 422 846 ris
450 778 543 840 sui
565 773 961 856 potiflimum
988 773 1055 837 in
1082 774 1542 842 Pontificatum
1568 774 1884 842 effuderat
1900 819 1924 858 ,
1956 798 2152 863 quem
2170 794 2318 846 toto
2340 783 2501 847 orbe
2527 783 2710 847 Chri-

334 864 536 927 stiano
564 857 994 939 proscriptum
1025 859 1326 938 volebat,
1350 859 1672 940 prosetto
1715 861 1859 925 fieri
1886 882 2022 924 non
2045 867 2298 943 potuit,
2350 877 2426 930 ut
2448 885 2584 930 non
2606 879 2713 930 to-

335 959 479 1010 tum
508 941 820 1007 Ecclefiae
853 940 1118 1026 systema
1157 942 1492 1007 subrueret
1513 983 1540 1022 ,
1595 963 1668 1007 ac
1703 943 2139 1023 subverteret,
2197 947 2542 1032 eidemque
2572 969 2712 1013 om·-

332 1048 483 1093 nem
526 1023 908 1107 potestatem
948 1022 1301 1087 definiendi
1343 1024 1638 1119 dogmata
1665 1066 1688 1103 ,
1741 1027 1995 1091 ferendi
2026 1031 2088 1090 le
2125 1047 2197 1091 ‘es
2230 1070 2254 1108 ,
2311 1030 2710 1114 gubernandi

331 1121 581 1176 coetum
609 1106 943 1186 fidelium,
985 1106 1297 1172 statuendi
1329 1121 1534 1188 capita
1573 1108 1960 1191 disciplinae,
2006 1130 2047 1173 o
2130 1112 2341 1176 inandi
2377 1116 2563 1179 Sacra
2598 1112 2711 1178 de-

334 1203 595 1278 negaret
635 1216 650 1256 :
705 1189 886 1254 secus
923 1189 1097 1254 enim
1130 1190 1343 1256 astum
1375 1190 1585 1255 fuiffet
1617 1189 1696 1255 de
1722 1191 1847 1257 suis
1881 1192 2190 1258 doctrinis
2225 1195 2508 1261 Novitiis
2530 1239 2554 1277 ,
2599 1216 2710 1260 ne-

333 1298 464 1363 que
503 1274 801 1359 dogmata
835 1271 1166 1338 Catholica
1202 1293 1488 1358 unquam
1526 1278 1563 1337 e'
1590 1273 1698 1338 sua
1730 1275 2151 1360 antiquiffima
2188 1277 2710 1359 poffeffionede-

333 1359 577 1423 turbari
602 1356 971 1437 potuiffent.
1072 1358 1302 1419 Altera
1330 1358 1509 1420 causa
1533 1375 1612 1418 ex
1633 1357 1868 1422 intimis
1896 1360 2193 1423 Politicae
2224 1362 2551 1444 principiis
2577 1361 2708 1426 fuit

334 1443 761 1522 deprompta:
805 1457 1010 1521 quum
1035 1440 1207 1502 enim
1244 1438 1320 1503 ad
1354 1438 1817 1503 sustentandam
1856 1441 2206 1506 Ecclesiam
2247 1444 2710 1523 suamqnoviter

332 1525 552 1591 cusam
589 1523 702 1584 vel
738 1521 1013 1586 maxime
1058 1521 1446 1585 authoritate
1479 1525 1865 1604 Magnorum
1895 1523 2269 1604 Principum
2312 1547 2475 1607 opus
2517 1527 2711 1591 habe·

330 1618 516 1685 rent,
558 1602 864 1687 profesto
905 1603 974 1666 in
1011 1602 1077 1664 id
1120 1623 1381 1668 omnem
1427 1605 1599 1666 suam
1638 1624 1859 1667 curam
1895 1605 2268 1691 impendere
2309 1608 2704 1690 debuerant,

333 1705 410 1755 ut
430 1693 578 1753 illos
605 1690 670 1751 in
686 1688 819 1750 suas
845 1694 1054 1765 partes
1082 1685 1444 1763 traherent,
1472 1684 1891 1772 facerentque
1916 1688 2031 1752 fibi
2051 1690 2406 1774 propitios3
2449 1692 2556 1758 sed
2581 1714 2709 1780 qua

334 1787 470 1837 arte
495 1771 562 1835 id
592 1769 867 1834 faciliori
886 1766 1164 1849 negotio
1193 1767 1451 1832 efficere
1487 1780 1801 1849 potuere,
1847 1791 2037 1853 quam
2077 1771 2124 1834 fi
2147 1772 2475 1840 eliminato
2506 1778 2710 1860 impe-

332 1856 435 1920 rio
469 1848 915 1918 Ecclesiastico
953 1849 1273 1914 summum
1311 1852 1620 1915 Ecclesiae
1650 1855 2004 1932 Imperium
2040 1855 2202 1919 cum
2230 1857 2527 1922 omnibus
2546 1859 2708 1940 juri·

335 1940 493 2016 bus,
535 1931 1019 2018 praerogativiS,
1060 1951 1135 1995 ac
1176 1933 1529 2017 privilegiis
1571 1934 2092 2014 EpiscopalibUS,
2124 1958 2212 2002 ac
2251 1941 2611 2007 Pontificiis
2639 1943 2710 2006 in

335 2023 483 2086 suos
514 2019 845 2098 Principes
871 2014 1327 2092 transferrent,
1374 2015 1436 2079 &
1465 2016 1532 2078 in
1550 2014 1688 2077 ‘illis
1730 2015 1880 2101 Jura
1905 2020 2205 2097 Imperii,
2252 2041 2324 2084 ac
2353 2024 2708 2089 Sacerdotii

330 2103 809 2178 coadunarent,
859 2098 1139 2181 illosque
1170 2096 1358 2163 simul
1395 2098 1454 2163 δι
1484 2097 1876 2177 PontificeS,
1921 2100 1983 2164 &
2017 2102 2346 2181 Principes
2376 2105 2706 2172 facerent?

332 2193 559 2279 Atque
581 2184 688 2247 hic
719 2182 849 2247 fuit
876 2180 989 2243 ille
1018 2181 1278 2259 hamus,
1321 2199 1455 2266 quo
1484 2200 1621 2244 non
1649 2181 1838 2262 pauci
1863 2182 2195 2263 Principes
2227 2185 2369 2248 sese
2387 2188 2586 2266 trahi,
2631 2209 2707 2254 ac

334 2270 547 2350 decipi
582 2265 1042 2347 permiserunt,
1084 2273 1161 2325 ut
1206 2261 1400 2328 etiam
1433 2264 1656 2342 armiS,
1701 2263 1923 2343 bellis,
1971 2266 2032 2329 δι
2079 2267 2413 2332 violentiis
2447 2271 2709 2355 religio-

332 2372 482 2416 nem
507 2345 1033 2414 Protestanticam
1055 2343 1481 2411 defenderent
1499 2386 1522 2425 ,
1554 2366 1627 2410 ac
1654 2346 1721 2409 in
1741 2365 2003 2411 omnem
2027 2347 2254 2412 orbem
2282 2349 2712 2419 Christianum

331 2451 678 2516 propagare
701 2428 1052 2494 studerent.
1136 2430 1385 2493 Utrum
1396 2450 1558 2493 vero
1590 2430 1719 2493 hoc
1758 2427 1961 2494 modo
1986 2429 2321 2497 Dostores
2345 2435 2710 2500 Protestan·

335 2517 450 2582 tici
475 2517 597 2593 suis
618 2513 813 2579 rebus
841 2531 978 2576 non
1003 2510 1206 2577 modo
1242 2513 1457 2596 quoad
1485 2511 1957 2591 Ecclesiastica,
2001 2511 2111 2577 sed
2151 2515 2341 2579 etiam
2377 2516 2442 2582 &
2477 2519 2708 2599 praeci-

336 2619 467 2681 pue
513 2595 729 2683 quoad
779 2595 1054 2660 Politica
1089 2593 1255 2657 bene
1309 2595 1801 2674 consuluerint,
1869 2594 2152 2659 viderint
2194 2596 2308 2678 ipsi
2343 2635 2366 2674 9
2429 2599 2492 2664 &
2543 2601 2717 2667 bene

336 2680 504 2766 apud
537 2684 601 2746 se
633 2677 800 2759 ipsos
823 2676 1091 2742 remotis
1125 2675 1422 2741 omnibus
1460 2678 1848 2758 praejudiciis
1878 2677 2281 2758 expendant,
2326 2698 2404 2742 an
2432 2701 2566 2745 non
2598 2704 2708 2747 ex-

330 2766 511 2832 cuffo
543 2762 703 2848 jugo
734 2761 986 2844 Papali,
1033 2758 1215 2843 quod
1254 2758 1398 2838 ipsis
1442 2758 1943 2840 insupportabile
1981 2759 2187 2825 visum
2218 2761 2464 2844 fuerat,
2507 2768 2705 2854 longe

330 2851 585 2935 gravius
604 2847 831 2930 jugum
863 2845 925 2910 &
958 2860 1123 2907 onus
1147 2841 1273 2905 suis
1293 2841 1575 2907 humeris
1606 2842 2064 2923 imposuerint,
2085 2857 2161 2907 ut
2170 2843 2299 2924 jam
2327 2845 2706 2916 servitutem

333 2928 528 3018 longe
555 2929 885 2993 duriorem
903 2924 1141 2990 servire
1166 2928 1655 3005 compellantur.
1741 2924 2052 3008 Nunquid
2073 2939 2407 3009 perpetuae
2435 2930 2704 3013 fuerunt

337 3016 623 3099 querelae
664 3010 1162 3075 Protestantium
1200 3021 1428 3072 contra
1473 3008 1735 3071 abusum
1771 3007 2098 3086 potestatis
2135 3011 2502 3076 Pontificiae
2529 3034 2608 3077 ex
2631 3037 2711 3081 ea«

334 3096 727 3178 potissimum
742 3092 1028 3173 ratione,
1058 3089 1240 3175 quod
1255 3132 1278 3170 ,
1301 3103 1376 3156 ut
1405 3089 1579 3169 ajunt
1594 3131 1632 3183 ,·
1659 3090 2009 3155 Pontifices
2029 3133 2053 3170 ,
2079 3093 2140 3157 &
2159 3094 2462 3175 Episcopi
2487 3117 2709 3180 quamq

337 3179 610 3262 plurima
625 3176 770 3258 jura
790 3188 918 3243 tam
943 3175 1319 3256 Principum
1352 3174 1754 3240 saecularium
1784 3177 2147 3259 Majestatica,
2185 3195 2377 3262 quam
2403 3181 2706 3270 Collegialt'a

2597 3275 2703 3330 to-

339 3371 430 3437 (ι)
462 3369 586 3421 Plura
615 3371 739 3421 enim
772 3371 984 3422 babemus
1005 3372 1244 3439 dogmata,
1275 3389 1372 3437 quae
1400 3371 1558 3422 elarius
1575 3384 1631 3419 ex
1650 3368 1939 3432 Traditione,
1976 3370 2115 3437 quam
2144 3375 2364 3442 Scriptura
2392 3375 2705 3429 demonstran·

478 3453 550 3487 tut
575 3454 675 3505 mg.
698 3439 757 3488 de
778 3457 969 3490 numero
988 3440 1231 3506 septenario
1247 3444 1656 3495 sacramentorum,
1690 3437 1747 3486 de
1769 3442 2055 3500 Purgatocim
2080 3442 2138 3489 de
2155 3445 2444 3494 Sacramenta
2460 3448 2702 3496 Matrinio.

479 3507 543 3555 nii
555 3540 571 3566 ,
596 3508 652 3556 de
669 3511 787 3557 cultu
806 3511 850 3557 δι
868 3509 1158 3558 venednione
1178 3508 1441 3557 ειηᾶοωω
1455 3541 1470 3567 ,
1502 3511 1548 3558 δι
1574 3505 1640 3554 his
1657 3505 1931 3569 potiffimum
1960 3508 2248 3560 Proteflantes
2269 3513 2296 3559 d
2316 3511 2447 3560 nobis
2463 3509 2700 3574 differunt,

475 3591 629 3640 utpote
649 3578 724 3642 qui
747 3575 878 3624 aliam
902 3577 1116 3645 Regulam
1144 3575 1248 3628 fidei
1270 3591 1423 3645 ptaeter
1440 3577 1707 3645 scripturam
1733 3588 1831 3627 non
1860 3575 2130 3640 admittunt,
2162 3582 2211 3634 dt
2232 3578 2340 3632 ideo
2365 3593 2556 3633 onmem
2589 3582 2704 3636 Τη-

468 3646 691 3696 ditionem
710 3646 920 3696 Divinam
944 3657 1126 3710 negant.
2719 3683 2721 3688 ,
