2970 3918
285 198 387 267 90
1125 176 1321 270 Caput
1356 178 1402 249 Ῑ.
1450 184 1511 267 5.
1548 178 1778 253 XXV.

284 326 490 391 causae
527 368 550 405 9
574 327 947 391 conduntur
976 323 1236 401 statuta9
1268 328 1704 404 dispensantur
1742 326 1952 389 officia
1984 365 2005 404 9
2052 327 2518 394 distribuuntur
2552 336 2669 397 mi-

287 408 535 472 nisteria
563 449 584 486 9
616 409 675 471 &
706 409 883 468 bono
921 405 1254 468 Societatis
1287 445 1311 484 9
1345 426 1417 472 ac
1450 406 1779 474 sociorum
1803 409 1980 474 omni
2007 410 2262 473 meliori
2285 413 2487 476 modo
2519 431 2671 493 pro-

285 491 547 554 videtur
587 530 608 566 9
667 488 822 571 quin
888 486 1351 567 Direstoribus
1403 500 1646 570 praeter
1708 493 1779 554 'us
1838 495 2100 556 relationis
2157 513 2271 554 cum
2323 511 2487 578 praero
2525 500 2678 558 ativae
2736 524 2762 535 v·

288 580 404 637 voti
430 577 752 653 informativi
784 568 958 633 aliud
980 568 1086 650 jus
1118 589 1270 634 com
1318 583 1447 636 etat
1473 612 1497 651 9
1532 585 1606 638 ut
1639 593 1672 637 a
1719 592 1801 637 eo
1829 572 1907 638 ad
1939 572 2107 653 ipsos
2135 575 2295 639 nihil
2327 576 2453 641 aliu
2528 594 2676 656 per-

288 657 493 717 tinere
530 650 861 730 videatur9
940 672 1088 716 uam
1120 665 1194 718 ut
1225 675 1257 716 a
1331 656 1714 719 Conventus
1739 655 2497 739 referant9proponenda
2523 677 2676 739 pro-

284 732 527 817 'ponant
548 774 571 813 9
602 735 862 819 negotia
894 676 1165 821 dirigant
1191 778 1213 815 9
1248 735 1510 817 decreta
1535 740 1908 803 executioni
1943 742 2317 819 simpliciter
2348 742 2674 806 mandent.

283 826 479 883 Anne
506 821 630 882 tale
654 817 812 903 quid
843 817 1085 883 fastum
1112 820 1383 905 legimus
1417 828 1451 888 a
1484 821 1736 886 Christo
1763 822 1825 887 &
1849 824 2184 903 Apostolis
2224 830 2251 889 ?
2283 845 2418 889 non
2445 823 2559 887 nisi
2583 825 2679 889 se-

285 903 417 965 mel
454 911 559 964 aut
594 900 672 964 ad
699 901 1018 968 summum
1043 903 1137 969 bis
1160 905 1571 969 celebrarunt
1603 906 1969 970 Concilium
1991 948 2015 986 9
2047 908 2108 973 &
2135 907 2209 972 ad
2237 906 2305 972 id
2334 909 2446 972 vel
2463 917 2679 972 totum

285 994 534 1047 coctum
553 1024 577 1063 9
603 987 714 1048 vel
739 983 1022 1052 seniores
1046 999 1500 1053 convocarunt
1517 988 1624 1082 (a)
1643 1029 1665 1069 9
1710 1001 1946 1054 caetera
1968 992 2182 1053 omnia
2205 992 2469 1054 excluso
2495 1002 2679 1054 coetu

286 1066 608 1148 privative
634 1066 1102 1149 disposuerunt.
1186 1072 1286 1136 Ex
1315 1071 1410 1135 his
1436 1071 1624 1136 facile
1654 1071 1964 1156 colligere
1993 1073 2148 1136 licet
2168 1114 2190 1149 9
2217 1092 2407 1156 quam
2432 1073 2681 1139 lubrica

288 1151 409 1213 {int
435 1163 802 1233 argumenta
822 1193 843 1231 9
874 1173 1063 1237 quam
1079 1153 1337 1218 ruinosa
1359 1153 1479 1218 s1nt
1497 1155 1809 1236 principia
1831 1197 1852 1233 9
1882 1153 1958 1219 ad
1979 1174 2128 1249 quae
2158 1176 2278 1235 pro
2305 1151 2679 1219 suffulcien-

288 1233 376 1305 do
408 1232 897 1324 suo-systemate
929 1235 1286 1322 confugere
1316 1238 1748 1302 Protestantes
1788 1238 2110 1302 necessum
2150 1238 2408 1303 habent.
2509 1237 2678 1307 Ulti-

286 1336 465 1408 mum
491 1315 667 1380 hisce
696 1318 903 1383 robur
932 1318 1116 1383 addat
1151 1322 1386 1385 Paulus
1435 1321 1797 1401 Apostolus
1830 1361 1853 1399 9
1895 1321 2008 1404 qui
2052 1321 2240 1384 nobis
2281 1321 2680 1404 inequalitatem

284 1419 354 1461 in
391 1399 695 1466 membris
722 1401 1034 1469 Ecclesiae
1059 1402 1366 1484 aptiffima
1392 1402 1804 1469 similitudine
1833 1407 1868 1466 ἐι
1903 1422 2184 1483 corpore
2210 1404 2492 1467 humano
2526 1421 2673 1466 mu-

287 1493 460 1546 tuata
481 1481 559 1563 ad
593 1487 863 1552 oculum
898 1483 1290 1550 demonstrat
1323 1526 1346 1565 9
1399 1484 1559 1553 dum
1603 1485 1759 1550 dicit
1787 1484 1903 1569 (b)
1932 1508 1946 1548 ε
1979 1491 2113 1569 ficut
2157 1503 2340 1568 corpus
2389 1507 2545 1548 unum
2587 1485 2674 1560 est,

287 1567 366 1640 ξς
392 1567 622 1629 membra
650 1565 811 1632 habet
848 1570 1014 1632 multa
1036 1614 1056 1644 ‚
1094 1574 1267 1632 omnia
1300 1579 1475 1631 autem
1501 1569 1732 1632 membra
1761 1589 1861 1630 non
1889 1568 2083 1630 babent
2123 1571 2334 1631 eundem
2366 1568 2535 1631 ciffum
2551 1566 2673 1641 Εςσ.

288 1649 585 1713 ὐοςαιιτεηι
607 1651 715 1727 estis
738 1667 919 1730 corpus
950 1650 1156 1727 christi,
1201 1649 1274 1723 ἐς
1307 1656 1534 1712 membra
1564 1651 1627 1714 de
1651 1651 1897 1716 membro.
1978 1659 2040 1713 Et
2072 1652 2321 1731 quosdam
2350 1652 2551 1734 quidem
2581 1664 2681 1729 po-

278 1734 385 1808 suit
403 1738 603 1794 DEHS
626 1736 679 1795 in
706 1732 918 1814 Ecclefia
936 1734 1170 1816 primum
1195 1733 1463 1814 Apostolos
1482 1780 1498 1807 ,
1508 1732 1731 1813 secundo
1757 1729 2072 1815 Prophetas,
2098 1736 2254 1793 tertio
2274 1732 2526 1795 Doffores
2551 1728 2674 1803 &aa

287 1812 517 1893 nunquid
533 1812 953 1896 omnempossote
975 1821 1002 1871 ,θ
1042 1815 1273 1894 nunquid
1307 1834 1475 1878 omnes
1515 1815 1780 1899 Propheta
1811 1817 1838 1878 ἓ
1889 1813 2117 1899 nunquid
2152 1833 2324 1880 omnes
2367 1813 2620 1878 Doffom
2653 1814 2684 1877 ἶ

287 1891 444 1978 quid
476 1893 747 1974 clarius9
777 1895 841 1961 δε
875 1894 1242 1966 evidentius
1264 1898 1293 1957 ἓ
1769 1944 1774 1948 »
2492 1933 2494 1935 v

465 1979 858 2058 Opportune
884 1978 1093 2041 adhuc
1120 1976 1307 2040 nobis
1329 1973 1553 2039 incidit
1573 1985 2020 2061 argumentum
2049 1976 2222 2060 quafi
2249 1975 2327 2041 ad
2350 1976 2684 2044 hominem

291 2078 373 2122 ex
409 2058 553 2141 ipsis
590 2059 916 2141 principiis
969 2059 1447 2124 Protestanticis
1487 2057 1895 2144 desumptum
1931 2081 1945 2121 z
1992 2079 2375 2143 quamquam
2409 2061 2583 2126 enim
2616 2060 2684 2123 in

292 2143 409 2206 hac
437 2143 794 2227 quaestione
823 2143 1017 2207 unice
1044 2141 1491 2225 appellandum
1516 2142 1692 2205 foret
1720 2139 1797 2204 ad
1824 2140 2291 2208 institutionem
2325 2142 2558 2206 Christi
2576 2143 2683 2220 9in

294 2225 480 2304 cujus
522 2224 835 2306 potestate
879 2237 1012 2288 erat
1041 2226 1370 2290 instituere
1409 2225 1639 2288 statum
1680 2226 2196 2308 qualemcunque
2237 2225 2305 2286 in
2349 2225 2681 2290 Ecclesia:

294 2320 568 2370 attamen
594 2350 615 2387 9
651 2329 853 2392 quum
874 2308 986 2389 ipsi
1016 2308 1442 2375 Protestantes
1471 2325 1593 2386 pro
1627 2305 2115 2369 demonstranda
2140 2304 2508 2371 necestitate
2528 2306 2686 2370 Rei-

295 2390 575 2470 publicae
612 2392 908 2456 Politicae
938 2410 1018 2455 ex
1040 2411 1166 2455 una
1189 2431 1211 2469 9
1241 2390 1302 2456 &
1343 2387 1722 2455 eliminanda
1743 2387 2111 2469 Republica
2139 2387 2472 2453 Catholica
2495 2406 2578 2450 ex
2603 2391 2693 2453 al-

300 2487 434 2535 tera
475 2485 654 2554 parte
696 2486 1066 2558 argumenta
1094 2497 1174 2539 ex
1198 2472 1523 2554 principiis
1565 2471 2008 2552 Philosophiae
2051 2473 2112 2536 δε
2155 2469 2693 2558 Jurisprudentiae

298 2556 512 2637 petitis
532 2571 823 2621 mutuare
840 2558 1319 2635 consueverint,
1337 2555 1619 2636 idipsum
1649 2555 1836 2618 nobis
1865 2573 2133 2638 quoque
2161 2554 2236 2615 ad
2258 2553 2695 2616 demonstran-

300 2639 444 2702 dam
491 2640 988 2724 Rempublicam
1036 2639 1539 2704 Ecclesiasticam
1590 2638 1789 2700 licere
1837 2635 2355 2699 existimavimus,
2462 2638 2690 2719 ltaque

297 2741 595 2807 quaerere
612 2724 799 2786 nobis
821 2725 1031 2800 liceat9
1059 2741 1207 2806 quae
1221 2720 1297 2784 sit
1312 2726 1460 2803 causa
1472 2721 1761 2804 impulfiva,
1781 2739 1900 2783 cur
1914 2718 2205 2782 homines
2225 2718 2289 2780 in
2307 2718 2699 2783 Societatem

302 2808 630 2868 coiverint
663 2807 978 2891 9*sibique
1019 2806 1162 2886 ipfis
1208 2803 1290 2867 de
1327 2801 1793 2884 Imperantibus
1821 2801 2320 2882 prospexerint?
2366 2801 2694 2882 responsio

301 2888 367 2950 in
393 2899 702 2970 promptu
724 2889 843 2953 est:
888 2908 1118 2969 nempe
1139 2885 1462 2950 necessitas
1485 2925 1507 2962 9
1533 2883 1830 2947 securitas
1849 2924 1871 2962 9
1907 2895 2116 2947 metus
2138 2924 2160 2961 9
2187 2883 2456 2947 felicitas
2484 2884 2549 2948 id
2579 2886 2697 2950 ho-

305 2972 583 3035 minibus
615 2972 916 3053 persuasit
948 3013 970 3050 9
1018 2982 1217 3051 prout
1242 2968 1426 3048 supra
1461 2967 1734 3031 diximus
1761 3008 1782 3044 9
1817 2966 2074 3051 quando
2109 2966 2190 3035 de·
2211 3019 2213 3021 ,
2236 2967 2483 3050 origine
2522 2967 2698 3031 Civi-

307 3065 508 3116 tatum
539 3057 931 3134 egimus9eo
969 3053 1151 3138 quod
1179 3054 1311 3117 fine
1338 3049 1611 3131 imperio
1647 3089 1669 3127 9
1715 3048 1846 3112 fine
1886 3049 2131 3133 legibus
2175 3049 2322 3112 finis
2356 3050 2694 3130 Reipubli-

305 3153 404 3198 cae
435 3130 711 3204 obtineri
740 3139 1128 3222 nequiverit.
1217 3136 1348 3222 Jam
1399 3132 1826 3223 dicant-nobis
1857 3172 1881 3211 9
1920 3154 1997 3196 an
2028 3152 2160 3194 non
2202 3134 2332 3198 hoc
2366 3131 2570 3213 ipsum
2611 3133 2691 3197 de

304 3221 592 3283 Ecclesia
618 3222 848 3284 eodem
890 3262 911 3298 9
942 3223 1052 3284 vel
1075 3218 1301 3297 majori
1326 3216 1483 3296 jure.
1502 3215 1630 3279 dici
1662 3218 1909 3279 valeat?
1966 3235 2109 3279 nam
2141 3213 2366 3280 demus
2414 3216 2691 3280 homini-

311 3302 429 3364 bus
477 3303 836 3367 libertatem
872 3301 1185 3368 sentiendi
1213 3343 1236 3381 9
1283 3302 1584 3366 tollamus
1630 3317 1822 3361 omne
1858 3297 2199 3381 imperium
2230 3338 2254 3376 9
2292 3317 2696 3382 omnemque.

309 3383 446 3446 vim
475 3385 744 3468 urgendi
779 3388 977 3464 paenis
1015 3383 1518 3466 proportionatis
1546 3381 1943 3462 seponamus,
2041 3380 2464 3447 Eliminemus
2495 3392 2687 3462 pote·-

310 3467 530 3531 statem
548 3468 892 3555 legislativum
911 3489 1062 3535 cum
1089 3469 1231 3550 ipsis
1251 3467 1495 3554 legibus
1521 3464 1997 3544 Ecclefiasticis9
2029 3464 2247 3550 quaeso
2270 3483 2419 3551 quae
2440 3483 2684 3558 rerum,

2542 3568 2584 3612 o
2633 3569 2683 3611 1-

314 3639 389 3707 (a)
426 3636 624 3694 Luc-cit,
673 3634 758 3703 (b)
796 3637 1078 3700 ncoqnth.
1102 3653 1178 3688 ιτ.
2587 3568 2628 3630 p
