2970 3918
1084 138 1203 216 De
1228 135 1419 216 Statu
1446 134 1744 248 Ecclefiei
2531 119 2575 207 6
2586 161 2628 220 3-

232 267 330 362 fio
364 291 474 379 (a)
493 334 516 372 ,
558 292 641 375 ius
669 291 918 358 condendi
949 292 1083 380 leges
1098 294 1265 377 juxta
1298 294 1580 375 consensum
1601 286 1855 382 ccclefiq.
1895 283 2055 382 item
2090 280 2386 380 quaedam
2419 288 2633 370 quoad

229 375 732 443 circumstantias
758 374 893 440 loci
932 372 997 440 &
1019 375 1331 455 temporis
1370 369 1836 440 determinandi
1867 388 2043 437 circa
2074 386 2148 433 ea
2166 408 2190 449 ,
2225 384 2375 453 quae
2403 370 2514 433 Reli
2553 378 2633 433 ἑο.

226 482 345 525 nem
362 508 382 535 ‚
417 467 608 534 Sacra,
636 458 699 524 &
734 466 1018 535 conventus
1052 460 1361 521 credentium
1389 457 1693 541 spestant.
1711 453 1830 539 (b)
1916 451 2228 552 Denique
2259 453 2504 517 conclu
2551 452 2627 532 it,

279 542 416 606 uod
442 538 720 622 potestas
757 536 967 602 civilis
998 536 1065 599 in
1094 538 1395 601 omnibus
1422 538 1714 604 exerceri
1751 540 1960 603 valeat
1976 577 2002 615 2
2033 552 2449 619 quaecunque
2467 555 2631 598 con-

227 566 410 687 gensu
452 621 961 688 Christianorum
992 618 1160 680 salva
1188 620 1538 704 Religione
1554 620 1846 705 fideique
1875 616 2231 685 concordia
2252 657 2276 698 2
2305 617 2630 703 sacrisque

229 706 434 770 literis
469 705 693 779 aliter,
732 722 806 766 ac
843 701 1032 764 aliter
1058 701 1124 764 se
1151 700 1387 765 habere
1428 704 1710 783 poffunt.
1816 703 2043 768 Postea
2067 700 2391 787 subjungit
2419 701 2631 786 aliqua

220 788 367 868 jura·
393 827 419 865 ,
471 803 623 870 quae
661 785 774 849 vel
803 782 882 847 ad
911 786 1231 864 populum
1257 822 1281 862 2
1308 788 1419 848 vel
1444 783 1521 848 ad
1565 790 1960 867 Imperantes
1997 784 2324 865 pertinere
2363 784 2626 866 poffunt

226 869 326 934 uti
352 869 459 949 jus
491 868 576 932 eli
619 865 770 947 endi
797 864 1172 944 Doctores)
1201 865 1264 931 &
1289 868 1577 931 Pastores
1597 909 1622 947 2
1664 865 2135 933 administrandi
2177 867 2347 931 bona
2394 870 2632 932 Eccle-

228 952 484 1016 fiastica.
514 950 591 1034 (c
667 952 774 1016 Ex
807 949 904 1013 his
938 961 1195 1031 apparet
1227 988 1250 1026 ς,
1288 950 1636 1015 Huberum
1670 948 1877 1016 adhuc
1901 952 2028 1016 effe
2059 949 2251 1013 valde
2285 950 2630 1016 discretum

226 1035 295 1100 in
324 1031 823 1098 determinandis
855 1032 1092 1096 finibus
1120 1030 1369 1110 jurium
1390 1073 1414 1110 2
1446 1032 1667 1110 secus,
1695 1053 1888 1115 quam
1909 1034 2003 1099 illi
2025 1073 2048 1110 ‚
2080 1033 2191 1117 qui
2221 1039 2343 1115 Jus
2386 1041 2438 1097 in
2475 1038 2629 1110 [acra

229 1137 311 1185 ex
336 1116 803 1199 Superioritate
827 1114 1242 1181 Territoriali
1272 1112 1568 1178 derivant
1598 1136 1616 1177 ε
1655 1114 1720 1177 hi
1749 1115 1921 1179 enim
1955 1117 2123 1178 sacra
2157 1116 2218 1178 &
2267 1117 2622 1196 prophana,

223 1201 319 1266 fas
349 1201 411 1267 δι
442 1197 620 1270 nefas
661 1197 1048 1282 permiscent
1072 1238 1096 1276 ³
1142 1199 1574 1276 Imperantem
1608 1197 1815 1261 ferme
1832 1201 2145 1284 Exlegem
2167 1197 2455 1277 faciunt,
2487 1218 2624 1261 coe-

220 1283 322 1350 tui
356 1281 670 1348 Ecclesiae
711 1301 848 1346 non
878 1279 996 1345 nisi
1035 1279 1330 1344 umbram
1371 1278 1620 1359 jurium
1662 1280 2042 1366 relinquunt
2071 1320 2096 1360 2
2141 1280 2203 1344 δε
2239 1289 2347 1366 Jus
2376 1290 2427 1345 in
2460 1287 2623 1363 sacra,

219 1365 848 1445 incircumscriptum
876 1363 947 1429 in
979 1361 1310 1443 Principes
1341 1363 1757 1430 transferunt.
2564 1433 2568 1436 ,

387 1448 596 1515 Nimis
638 1451 711 1513 lo
790 1464 914 1511 um
966 1444 1144 1510 foret
1191 1442 1514 1511 adducere
1569 1445 1948 1511 sententiam
1995 1443 2295 1528 Hugonis
2347 1444 2562 1509 Grotii
2589 1484 2617 1525 2

221 1551 415 1619 quam
447 1531 515 1595 in
543 1529 730 1613 ampl‘
787 1549 912 1593 ima
940 1527 1050 1592 sua
1069 1527 1531 1594 Differtatione
1556 1529 1638 1595 de
1672 1529 1926 1594 summo
1960 1530 2194 1609 Imper.
2222 1527 2460 1592 Potest.
2494 1527 2626 1592 cir--⁸

215 1637 294 1681 ca
323 1616 494 1679 sacra
526 1612 832 1690 sustinet,
863 1612 933 1675 in
969 1631 1095 1695 qua
1127 1610 1432 1692 profeEto
1461 1613 1785 1676 exorbitat
1809 1652 1832 1690 2
1870 1623 2064 1696 atque
2088 1610 2472 1692 potestatem
2513 1616 2620 1673 cir-

216 1717 280 1761 ca
315 1700 467 1777 sacra
501 1711 708 1779 'penes
756 1698 1151 1775 Imperantes
1197 1692 1584 1757 residentem
1619 1698 1789 1759 ultra
1826 1694 1987 1757 fines
2026 1691 2281 1759 debitos
2327 1714 2480 1758 cum
2521 1692 2622 1755 in-

262 1779 398 1844 enti
422 1778 685 1844 excess'u
716 1776 935 1842 dilatat
957 1816 982 1854 ,
1022 1790 1099 1839 ut
1121 1775 1356 1840 merito
1387 1774 1677 1840 dubitem
1694 1817 1719 1855 ,
1758 1796 1837 1840 an
1862 1776 2093 1861 aliquis
2112 1775 2617 1841 Protestantium

216 1796 331 1941 gt,
410 1860 482 1924 ui
514 1860 626 1949 Jus
654 1859 722 1923 in
746 1862 914 1923 sacra
935 1870 1275 1939 tantopere
1303 1858 1694 1935 extendere,
1738 1871 1844 1922 aut
1882 1859 2099 1924 omnia
2126 1859 2342 1925 Grotii
2374 1857 2614 1939 princi-

214 1944 319 2025 pia
350 1965 383 2006 a
432 1959 656 2025 optare
692 1939 941 2006 audeat.
1024 1939 1387 2019 Audiamus
1417 1941 1613 2004 unice
1645 1940 1836 2020 illos,
1886 1942 2001 2026 qui
2030 1941 2201 2005 inter
2238 1949 2387 2024 Jura
2422 1945 2614 2022 Maje-.

202 2028 393 2103 βατίεα
417 2026 480 2091 &
506 2024 806 2109 Collegials‘a
834 2021 1270 2088 conformiter
1301 2020 1489 2088 dietis
1515 2022 1910 2109 distinguunt
1926 2064 1950 2103 2
1990 2024 2110 2087 hos
2140 2024 2311 2087 inter
2339 2022 2607 2104 praepri-

207 2107 329 2170 mis
359 2104 581 2170 audire
604 2105 792 2193 juvat
832 2104 1158 2191 Joannem.
1205 2107 1444 2190 Georg.
1476 2105 1671 2170 Estor
1714 2105 2319 2192 Historiographum
2366 2106 2610 2174 Haffia-.

208 2207 367 2252 num
385 2229 409 2268 ,
450 2186 546 2273 (d
567 2187 606 2272 )
626 2187 740 2272 qui
765 2187 1069 2272 equidem
1100 2185 1278 2252 disto
1303 2188 1507 2252 modo
1528 2197 1675 2271 Jura
1705 2192 2038 2271 Majetiatica
2069 2189 2131 2254 δι
2157 2187 2462 2273 Collegialia
2484 2194 2519 2251 a
2540 2187 2605 2251 se

208 2270 495 2335 invicem
518 2270 799 2350 separat,
839 2281 1118 2335 attamen
1146 2268 1215 2332 in
1254 2289 1340 2334 eo
1368 2271 1776 2350 summopere
1805 2273 2100 2350 excedit,
2128 2271 2310 2356 quod
2346 2270 2605 2349 afferat,

206 2364 426 2416 totum
446 2351 665 2416 'ferme
690 2354 810 2436 Jus
838 2355 1068 2430 infacta
1091 2352 1158 2415 in
1185 2352 1515 2434 Principes
1541 2358 1575 2416 a
1603 2353 1792 2434 plebe
1819 2353 2002 2418 fuifl'e
2029 2357 2424 2418 translatum.
2453 2353 2597 2437 (e)
2622 2387 2625 2389 >

204 2434 475 2516 Optime
497 2452 729 2516 nempe
746 2432 1157 2514 perspexerat
1189 2435 1293 2497 vir
1319 2435 1762 2522 sagacissimus,
1802 2435 1985 2520 quo-d
2011 2434 2203 2500 status
2235 2436 2599 2500 Protestan-

202 2517 322 2581 tici
347 2524 454 2601 Jus
480 2524 532 2580 iu
558 2524 713 2597 sacra
750 2516 1375 2599 incircumscriptum
1408 2531 1797 2594 exerceant,
1835 2518 2131 2602 illudque
2172 2516 2378 2582 ferme
2417 2517 2495 2582 ad
2522 2538 2611 2583 ον.-

203 2597 376 2664 mnia
409 2599 569 2682 ,ἴηνα
601 2598 910 2687 Collegialt'a
943 2619 1023 2663 ex
1059 2600 1202 2680 ipfis
1231 2600 1495 2666 illorum
1523 2600 1851 2685 principiis
1888 2601 1964 2666 ad
1989 2613 2236 2667 coetum
2270 2602 2607 2682 pertinen-.

199 2682 290 2746 tia
326 2678 692 2746 extendant.
775 2682 868 2747 Ut
904 2701 1063 2767 ergo
1094 2683 1539 2764 amplissimum
1573 2684 1748 2750 hunc
1781 2683 2028 2764 jurium
2067 2686 2252 2749 usum
2278 2687 2401 2749 -vel
2441 2686 2595 2750 abu-

196 2766 341 2830 sum
381 2761 604 2827 fucato
658 2762 878 2847 aliquo
920 2764 1117 2830 titulo
1167 2768 1657 2847 communiret,
1712 2767 1900 2831 finxit
1942 2770 2155 2830 lxberam
2199 2771 2594 2832 translacionem

199 2852 238 2911 a
271 2847 523 2927 populo
559 2844 627 2908 in
660 2846 995 2927 Principes
1021 2848 1251 2915 fastam
1270 2892 1293 2928 a
1318 2850 1535 2932 postea
1559 2851 1624 2914 in
1653 2854 1818 2915 Pace
1844 2849 2276 2929 Westphalica
2304 2850 2444 2933 lege
2472 2869 2591 2932 pu,-

196 2930 365 2994 blica
392 2926 762 3007 stabilitam
799 2948 999 3009 porro
1029 2940 1237 2996 autem
1270 2955 1403 3016 quo
1441 2945 1818 3019 argumento
1849 2934 1979 2997 hoc
2018 2934 2202 2997 suum
2230 2932 2479 2997 nudum
2503 2935 2591 2998 as-

203 3012 443 3077 sertum
477 3009 821 3092 probabit?
866 3017 1191 3080 translatio
1215 3015 1368 3083 facti
1390 3016 1527 3083 est:
1574 3036 1730 3102 ergo
1757 3014 2120 3098 probanda,
2147 3014 2331 3097 cujus
2360 3015 2601 3111 prob-a-⁴

2487 3112 2586 3166 tio

128 3209 134 3213 ·
206 3197 295 3270 (a)
336 3203 391 3248 Et
410 3197 516 3314 ἰόξο
549 3196 811 3250 fatalium
841 3195 899 3248 de
921 3196 1052 3250 rebus
1070 3199 1214 3253 divim
1242 3203 1468 3265 iudicandi
1499 3218 1656 3258 contu
1677 3206 1886 3259 Gratiam
1914 3207 2185 3276 reincipibu·
2207 3209 2476 3264 sacularibus
2505 3213 2590 3266 de*

341 3282 400 3316 DC
431 3280 455 3314 Ι
480 3299 493 3313 .
1916 3296 1918 3300 >

202 3332 280 3403 (b)
313 3282 502 3411 lllufgim
523 3330 612 3381 hoe
641 3331 850 3383 Euhenn
879 3334 1010 3385 varii·
1033 3337 1248 3402 exemplis
1273 3355 1327 3390 ex
1360 3344 1465 3403 Jure
1492 3340 1609 3390 civili
1640 3340 1916 3408 depromptis
1938 3359 1980 3395 e.
1995 3363 2039 3412 g.
2063 3362 2121 3398 ex
2147 3347 2308 3398 Novel.
2326 3364 2344 3396 ι
2359 3364 2442 3411 37.
2470 3354 2582 3403 c.6.

334 3400 409 3480 ηδε
429 3400 703 3465 precipitur,
732 3413 782 3479 ⁰.⁸
812 3403 1089 3462 Baptismati·
1112 3408 1156 3455 δι
1193 3409 1246 3455 s·
1268 3410 1614 3458 communionis
1638 3414 1803 3461 Canon
1827 3413 1914 3461 alt·
1941 3429 2051 3464 voce
2077 3414 2247 3466 dicatur
2272 3432 2328 3465 ex
2361 3424 2479 3467 Nov.
2496 3428 2576 3479 58.

249 3515 253 3521 ,
332 3467 409 3546 ab!
440 3465 558 3517 suern
587 3466 794 3546 Mysten·
831 3467 878 3517 in
913 3469 1121 3519 domibus
1146 3475 1322 3536 privatis
1349 3491 1555 3540 peragere
1587 3477 1822 3528 inhibetur.
1856 3482 2019 3532 Novel.
2041 3498 2120 3546 ¹3·
2154 3498 2215 3534 ne
2245 3484 2471 3552 Presbytec
2499 3486 2576 3534 fin

337 3550 493 3583 minor
515 3550 593 3595 30.
623 3548 766 3582 enon.
796 3537 961 3585 Novel·
976 3555 1023 3599 9.
1044 3553 1102 3587 ne
1136 3540 1368 3611 Episcopus
1392 3545 1416 3591 ὲ
1445 3543 1517 3596 sua
1539 3543 1649 3596 abfi·
1668 3545 1859 3601 Ecclefia
1883 3550 1975 3602 &e-

197 3595 274 3664 (τ)
301 3599 355 3652 ln
394 3602 678 3667 Deliacam.
703 3604 752 3653 P.
778 3605 902 3655 Εςιῑ.
923 3610 1085 3674 capg.
1860 3610 1865 3613 ’
