2970 3918
335 230 433 298 66
1146 183 1340 318 capue
1368 222 1424 298 1.
1469 231 1540 315 §-
1568 221 1854 299 ΧΧιιι.

339 376 459 439 bus
500 373 714 440 divina
755 372 1060 439 celebrari
1090 371 1347 439 debent.
1466 375 1626 455 3.tio
1664 374 1776 462 Jus
1810 372 2088 462 eligendi
2117 416 2140 454 9
2188 374 2251 440 8:
2288 378 2718 444 constituendi

341 459 674 525 DoStores
706 497 727 533 9
762 457 822 519 &
853 455 1162 520 PastoreS.
1251 469 1387 533 4.to
1432 464 1540 542 Jus
1573 462 1817 522 condendi
1839 462 1973 544 leges
2006 461 2415 521 conventionales
2440 506 2459 532 ‚
2499 462 2570 533 ἒξ
2607 479 2720 540 poe-

340 562 434 603 nas
460 549 650 618 pariter
675 540 1086 601 conventionales
1109 541 1384 614 statuendi.
1491 550 1624 613 5.to
1661 543 1780 622 Jus
1820 542 2338 614 excommunicandi,
2388 552 2485 602 aut
2516 542 2544 601 ὲ
2583 554 2718 602 coetu

340 622 642 683 excludendi
666 617 813 690 illos,
851 631 938 702 qui
950 620 1105 701 ραὲῗα
1124 622 1336 697 servare
1361 623 1564 683 nolunt.
1610 624 1745 686 6.t0
1774 625 1875 699 Jus
1905 624 2217 702 reformandi
2244 623 2443 700 abusus.
2491 620 2716 700 74ti'mo

338 701 655 781 implorandt
689 701 958 761 Brachium
970 703 1212 778 seculare
1240 748 1258 774 ,
1305 704 1412 764 vel
1452 703 1658 786 aliqua
1691 705 1840 789 Jura
1883 701 2254 784 Collegialia
2292 723 2412 782 pro
2459 702 2715 766 meliori

339 782 515 840 bono
543 779 884 843 'societatis
914 781 1207 865 exigente
1242 787 1350 846 vel
1387 785 1750 848 necestitate
1777 825 1799 862 9
1849 788 1958 847 vel
1989 785 2266 847 utilitate
2292 783 2713 848 transferendi

337 862 405 924 in
451 865 862 940 ImperanteS.
932 865 1174 926 Contra
1199 866 1342 929 haec
1379 866 1490 928 fibi
1524 867 1638 947 ipsi
1681 879 1909 930 movet
1949 867 2320 944 scrupulum
2365 866 2718 946 praelauda-

334 954 439 1006 tus
463 943 724 1006 Pfaffius
743 984 766 1020 9
797 955 1020 1008 utrum
1051 950 1438 1025 imperantes
1471 952 1540 1014 vi
1565 948 1970 1028 inspestionis
2008 947 2314 1030 generalis
2352 949 2466 1011 fibi
2494 948 2560 1010 in
2595 951 2714 1012 So-

333 1026 595 1090 cietates
634 1027 1063 1106 competentis
1084 1026 1188 1106 jus
1223 1028 1688 1094 determinandi
1713 1050 1787 1094 ea
1814 1072 1837 1109 9
1881 1048 2029 1114 quae
2059 1029 2137 1091 ad
2166 1028 2556 1107 disciplinam
2586 1033 2712 1095 Ec-

329 1107 737 1171 clefiasticam
762 1109 1084 1189 pertinent
1106 1150 1128 1187 9
1170 1111 1230 1176 &
1266 1113 1720 1176 conscientiam
1748 1133 1885 1175 non
1922 1123 2188 1194 tangunt
2208 1151 2240 1189 9,
2269 1111 2472 1175 libere
2502 1111 2712 1174 deter-

333 1190 574 1252 minare
601 1193 894 1271 valeant,
923 1191 1104 1275 quod
1129 1192 1303 1258 idem
1336 1194 1417 1258 de
1452 1194 1600 1274 jure
1638 1195 2071 1258 constituendi
2114 1193 2440 1258 Ministros
2477 1195 2708 1256 Eccle-

332 1272 441 1335 fiae
484 1274 717 1356 quaerit
743 1313 767 1351 9
813 1275 874 1339 &
908 1274 1122 1338 relatis
1158 1277 1488 1340 variorum
1522 1277 1934 1359 opinionibus
1962 1276 2031 1339 in
2064 1275 2441 1354 opinionem
2472 1276 2711 1359 negati-

326 1362 479 1416 vam
513 1355 842 1422 descendit
866 1397 889 1435 9
915 1359 1182 1421 afferens
1210 1358 1586 1438 opinionem
1613 1360 2002 1424 contrariam
2030 1358 2154 1422 effe
2195 1358 2710 1438 praejndiciosam

331 1437 739 1512 libertatibus
776 1439 1314 1503 conscientiarum
1337 1481 1360 1518 9
1394 1442 1778 1506 contrariam
1810 1440 2069 1526 Juribus
2098 1441 2494 1503 societatum
2524 1480 2546 1517 9
2588 1440 2707 1502 ini-

330 1519 561 1582 micam
599 1520 897 1584 omnibus
941 1522 1239 1605 legibus,
1293 1522 1555 1607 hocque
1598 1523 1799 1586 modo
1842 1523 2459 1586 Societates·omnes
2506 1520 2709 1584 sublass

331 1616 474 1663 tum
493 1601 596 1680 iri,
615 1601 680 1665 id
697 1603 876 1686 quod
890 1605 1079 1666 variis
1109 1606 1418 1685 exemplis
1443 1604 1730 1668 illustrat.
1755 1605 1861 1688 (a)
1877 1602 2222 1687 Postquam
2243 1605 2388 1669 haec
2413 1602 2708 1682 adduxit2'

325 1683 586 1767 quaerit2
615 1698 841 1747 utrum
860 1684 1011 1768 Jura
1049 1687 1422 1769 Collegialia
1468 1687 1740 1751 habeant
1783 1685 2274 1751 fundamentum
2301 1687 2368 1751 in
2409 1686 2700 1768 Scriptu-

326 1786 394 1827 ra
421 1805 443 1842 9
493 1785 572 1828 an
610 1765 754 1845 post
807 1764 1376 1832 Reformationem
1414 1767 1492 1832 ad
1521 1769 1846 1850 Principes
1877 1768 2026 1848 jure
2068 1768 2177 1831 seu
2221 1768 2700 1846 devolutioniS,

324 1847 439 1910 seu
459 1849 883 1914 translationis
908 1850 1367 1929 pervenerim?
1412 1851 1692 1930 primum
1713 1852 2002 1916 absolute
2028 1850 2330 1930 asi-limat,
2355 1851 2417 1916 &
2445 1851 2521 1914 ad
2536 1851 2703 1916 Scri-

324 1942 579 2009 pturam
619 1932 813 1995 unice
854 1933 1127 2012 appellat
1157 1971 1180 2008 9
1231 1931 1539 1995 videlicet
1582 1933 1659 1996 ad
1695 1934 1896 1997 Math.
1945 1954 2081 2013 cap.
2118 1932 2214 1995 16.
2240 1933 2401 1998 vers.
2425 1948 2522 2012 17.
2544 1933 2703 1999 Ast.

325 2010 561 2093 Apost.
600 2032 656 2077 1.
698 2026 794 2088 15.
822 2032 878 2077 1.
896 2017 1094 2098 Cory.
1109 2012 1169 2075 6.
1191 2013 1310 2078 δῖε.
1340 2013 1566 2098 quidni
1591 2015 1935 2097 appellavit
1953 2013 2030 2078 ad
2059 2014 2468 2079 traditionem
2486 2014 2707 2094 primi-

327 2094 486 2158 tivae
522 2095 831 2160 Ecclefiae
857 2135 880 2172 9
923 2095 988 2157 in
1026 2117 1150 2178 qua
1191 2095 1396 2158 ferme
1442 2099 1654 2160 omnia
1692 2137 1715 2176 9
1759 2100 1974 2161 saltem
2025 2097 2350 2176 praecipua
2387 2096 2704 2163 Ecclefiae

325 2178 584 2260 negotia
608 2177 941 2241 communi
969 2176 1200 2259 populi
1239 2178 1300 2242 &
1329 2179 1506 2244 Cleri
1530 2176 1826 2263 suffragio
1864 2179 2047 2242 fuiffe
2090 2177 2310 2261 agitata
2332 2177 2448 2259 ipss
2476 2183 2707 2243 Prote-

326 2259 554 2322 stantes
587 2259 890 2323 fatentur.
975 2264 1279 2323 Alterum
1306 2262 1568 2324 videtur
1604 2262 1912 2324 affirmare
1939 2301 1962 2337 9
1994 2259 2102 2322 sed
2136 2278 2274 2322 non
2311 2260 2444 2322 fine
2473 2259 2702 2323 formi-

330 2340 481 2404 dine
517 2341 599 2404 de
631 2341 957 2422 oppofito.
1077 2344 1164 2404 Et
1205 2341 1360 2426 quid
1399 2344 1691 2407 mirum?
1740 2343 2131 2425 Theologus
2158 2343 2346 2403 ‘enim
2385 2339 2478 2403 est
2505 2380 2529 2419 9
2568 2359 2705 2403 non

365 2426 522 2488 Ctus
551 2463 575 2501 9
617 2423 907 2507 Minister
943 2423 1259 2487 Ecclefiae
1300 2424 1430 2503 est,
1482 2444 1616 2488 non
1650 2425 1961 2506 Principis
1989 2464 2012 2502 9
2057 2424 2117 2488 &
2157 2443 2332 2487 nunc
2371 2420 2705 2500 Generalis

372 2506 874 2587 uperintendens
910 2505 1038 2583 est,
1082 2525 1218 2568 non
1246 2508 1587 2572 Primarius
1628 2508 2077 2586 Cancellarius-
2101 2518 2208 2570 aut
2256 2507 2566 2568 Pro-Rex
2603 2503 2705 2566 su-

328 2589 538 2669 premi
566 2588 897 2666 cujusdam
933 2589 1150 2669 Regis.
1238 2592 1462 2652 Solent
1507 2590 1651 2676 JCti
1691 2588 2139 2654 Protestantici
2182 2589 2249 2650 in
2283 2583 2705 2666 dispensandis

330 2671 588 2758 juribus
618 2669 1067 2734 Ecclefiasticis
1097 2672 1486 2735 liberaliores
1514 2674 1636 2734 effe
1670 2690 1816 2754 erga
1847 2672 1994 2733 suos
2038 2668 2364 2747 Principes
2388 2708 2411 2744 9
2454 2667 2706 2753 μηρὼ-ᾖΙ

328 2774 432 2816 res
464 2794 486 2830 9
526 2754 588 2817 &
612 2751 1115 2832 scrupulosiores
1143 2754 1494 2837 Theologi.
1564 2754 1666 2816 Illi
1706 2757 1886 2816 litant
1921 2750 2204 2829 Principi
2233 2791 2255 2826 9
2295 2748 2395 2813 isti
2438 2749 2699 2831 Coetui:

332 2836 395 2900 &
433 2840 672 2918 quare?
702 2836 844 2898 sunt
880 2837 1126 2913 priores
1154 2835 1274 2898 suis
1307 2835 1707 2914 Principibus
1742 2841 1776 2897 a
1811 2833 2089 2897 consiliis
2131 2831 2408 2909 intimis,
2434 2845 2705 2912 prom&

330 2923 573 2981 ventur
597 2916 672 2979 ad
708 2917 909 2994 prima
936 2916 1262 2981 honomm
1291 2917 1351 2981 &
1371 2917 1748 3001 dignitatum
1779 2915 2099 2993 subsellia„
2125 2917 2538 2978 cumulantur
2565 2913 2705 2999 opi-¹

330 3001 477 3079 bus,
507 2999 568 3064 δι
588 2998 864 3077 divitiis,
889 3009 1213 3084 coguntur
1239 3012 1504 3062 econtra
1529 2998 1799 3068 Ministri
1827 2999 2066 3062 Ecclesi
2076 3017 2254 3061 arum
2277 2995 2514 3060 servire
2539 3008 2702 3059 tem-

334 3084 478 3175 pori
496 3123 518 3159 9
543 3082 771 3162 saepius
807 3085 1034 3146 vivere
1069 3083 1362 3145 contenti
1386 3081 1628 3166 exiguis
1654 3081 2016 3161 praebendis
2041 3121 2063 3160 9
2094 3080 2161 3142 in
2185 3080 2378 3142 rebus
2401 3078 2707 3146 omnibus,

338 3185 507 3227 circa
530 3165 697 3227 sacra
732 3163 983 3249 agendis
1022 3166 1470 3246 obtemperare
1504 3163 2014 3229 ordinationibus
2052 3162 2423 3242 Principum
2449 3161 2569 3228 &a
2617 3168 2702 3223 ne

2594 3260 2703 3304 au-

339 3357 418 3426 (α)
451 3362 486 3407 Ε
514 3373 562 3419 g.
585 3373 681 3406 non
698 3356 838 3421 potest
864 3357 1068 3420 Princeps
1099 3355 1295 3404 adimere
1323 3354 1394 3404 sua
1416 3358 1508 3415 jura
1531 3354 1789 3418 collegiali·
1805 3355 2095 3409 Societatibus
2118 3356 2314 3406 literas-iic
2334 3387 2348 3412 ,
2380 3342 2702 3413 Maestorum,

478 3427 707 3488 Opificum
725 3458 739 3483 ‚
770 3428 863 3472 imo
894 3441 952 3473 ne
976 3425 1155 3487 quidem
1173 3424 1354 3482 juribus
1373 3423 1629 3487 permiffissh
1655 3422 1882 3471 detrahere
1918 3424 2058 3487 potest
2082 3440 2120 3472 er.
2141 3442 2181 3487 g.
2214 3423 2242 3470 fi
2281 3422 2404 3486 plebs
2435 3422 2588 3469 rustica
2613 3420 2698 3468 ha·

472 3493 597 3541 beret
621 3498 685 3549 jus
715 3493 903 3539 venandi
935 3489 1121 3539 baffum·
1187 3493 1358 3540 Exinde
1394 3489 1530 3540 infert
1550 3522 1565 3548 ,
1606 3491 1650 3536 id
1683 3491 1827 3538 multo
1869 3493 2016 3539 minus
2047 3493 2092 3536 in
2123 3492 2341 3540 Societate
2377 3487 2572 3534 Ecclefiae
2602 3485 2696 3534 fieri

472 3562 616 3623 ροσε,
642 3573 744 3607 eum
775 3558 863 3605 haec
886 3564 977 3615 jura
1005 3556 1087 3604 lint
1123 3557 1285 3605 altiori·
1312 3557 1427 3615 fori,
1457 3558 1572 3621 Juris
1599 3557 1735 3619 divini
1753 3589 1768 3620 9
1788 3561 1830 3610 &
1862 3573 2014 3625 agatur
2038 3557 2094 3607 de
2126 3559 2311 3608 articulo
2336 3555 2540 3605 libertatis
2562 3542 2696 3604 ebri-

470 3627 614 3675 stinnae
644 3630 669 3674 εἰ
691 3624 855 3677 Chiisto
883 3626 1012 3677 nobis
1037 3623 1236 3676 restitutae
1269 3640 1365 3694 pag.
1384 3629 1504 3691 1613
1997 3627 2004 3637 '
2683 3628 2685 3636 ²
