2970 3918
369 215 457 278 aa
1250 193 1445 282 Caput
1481 191 1531 261 1.
1577 195 1647 276 ς.
1684 185 1814 261 W.

364 354 534 427 lem,
565 345 923 428 omnesque
948 345 1123 434 leges
1155 339 1458 419 pofitivas
1485 337 1846 426 exulaturas
1879 378 1904 418 2
1955 350 2149 424 atque
2193 357 2275 404 ex
2317 336 2435 410 hac
2468 350 2610 433 Iege
2640 369 2772 426 nar

362 431 554 496 turali
587 431 791 494 fluere
814 425 1078 506 triplicis
1114 421 1361 504 generis
1402 421 1555 509 Jura
1595 419 1912 513 &officia
1951 421 2232 486 hominis
2266 464 2289 501 ³
2329 445 2557 510 nempe
2599 439 2670 495 er
2711 454 2748 497 a

366 516 671 590 DEUM‚
698 513 762 574 se
787 508 991 588 ipsum
1024 545 1048 583 2
1095 505 1157 569 &
1200 518 1478 570 caeteros
1511 503 1805 569 hommes
1837 504 1978 568 solo
2022 503 2428 572 humanitatis
2475 511 2675 580 vineu
2703 536 2746 579 o

369 598 485 661 fibi
524 589 911 672 conjunstos
940 610 954 650 ε
1000 601 1395 671 quapropter
1421 585 1622 651 homo
1654 586 1721 648 in
1749 587 1879 652 hoc
1901 587 2061 651 statu
2096 589 2481 657 constitutus
2509 595 2746 681 obliga-

369 693 479 758 tur
516 677 594 739 ad
623 675 891 742 DEUM
926 667 1278 734 colendum
1311 711 1335 751 9
1377 669 1570 754 eique
1600 667 2177 751 obtemperandum
2201 713 2222 751 2
2260 673 2338 736 ad
2378 675 2444 737 se
2477 675 2773 758 ipsum—⁴*

366 751 702 825 amandum
730 799 752 835 9
781 751 1335 831 conservandum,
1373 753 1436 818 &
1461 751 1933 834 perficiendum
1965 776 1988 831 5
2027 756 2185 819 alios
2220 755 2501 852 denique
2535 760 2746 825 homi-

365 862 479 905 nes
504 852 803 923 tanquam
831 835 1100 916 seipsum
1130 834 1489 919 diligendos
1522 875 1546 913 2
1574 835 1900 899 neminem
1928 837 2135 900 necin
2155 838 2342 902 bonis
2368 841 2597 921 ammi,
2621 860 2772 908 nec*

357 925 659 1003 corporis
684 967 710 1001 9
746 940 871 984 nec
900 919 1188 981 fortunae
1222 916 1633 994 laedendum,
1685 917 1871 982 suum
1904 919 2144 1002 cuique
2172 921 2626 1004 tribuendum,
2661 926 2745 990 ad

365 1005 584 1073 omnia
617 1002 1019 1068 humanitatis
1065 1000 1278 1064 officia
1312 1000 1467 1067 aliis
1480 998 1852 1083 praestanda.
1975 1001 2135 1066 Inde
2167 1003 2586 1088 consequitur
2618 1013 2749 1089 3550

362 1112 447 1165 ex
472 1088 568 1152 his
596 1086 825 1151 offici-is
849 1084 1135 1150 invicem
1166 1081 1607 1165 impendendis
1637 1082 1808 1145 varia
1846 1084 2214 1161 profluxiffe
2259 1086 2410 1170 Jura
2435 1127 2460 1166 2
2510 1108 2745 1170 nempe

361 1172 469 1254 jus
505 1170 567 1234 se
607 1170 813 1250 ipsum
850 1164 1240 1234 defendendi
1273 1206 1296 1245 2
1333 1165 1470 1230 vim
1502 1166 1570 1229 vi
1606 1164 2017 1245 propulsandi
2060 1207 2083 1244 9
2154 1167 2262 1231 sua
2301 1167 2558 1253 sibique
2597 1171 2761 1251 jure·

364 1253 664 1338 perfefito
692 1249 904 1314 debita
934 1250 1003 1313 vi
1032 1246 1467 1332 extorquendi
1489 1287 1511 1326 2
1562 1267 1697 1310 non
1731 1260 1944 1312 tamen
1980 1247 2058 1311 ad
2097 1249 2310 1313 officia
2343 1251 2749 1322 humanitatis

367 1338 430 1404 &
461 1334 910 1400 beneficentiae
934 1329 1288 1413 praestanda
1313 1330 1592 1414 cogendi
1610 1372 1632 1410 2
1658 1329 1775 1392 nifi
1805 1329 1946 1414 quis
1979 1330 2168 1412 pasto
2197 1332 2275 1396 ad
2303 1332 2411 1396 illa
2443 1333 2750 1400 exhiben-

363 1418 444 1491 da
469 1422 740 1486 alterum
770 1413 885 1480 fibi
907 1412 1371 1495 obstrinxissetg
1406 1432 1541 1476 non
1572 1410 1745 1476 enim
1784 1413 1995 1476 Status
2043 1415 2343 1479 naturalis
2391 1418 2747 1492 necessario

361 1500 656 1582 excludit
682 1498 886 1580 pasta,
910 1517 1124 1581 neque
1147 1495 1329 1576 paEta
1356 1494 1700 1559 necefl'ario
1732 1492 2050 1558 inducunt
2068 1495 2442 1563 societatem
2460 1500 2749 1580 civilem,

362 1582 482 1653 nisi
525 1582 682 1647 socii
713 1581 992 1644 eundem
1028 1579 1143 1642 fibi
1179 1578 1378 1640 finem
1418 1593 1836 1639 communem
1884 1577 2219 1662 praefigant
2260 1621 2284 1659 2
2336 1581 2399 1644 δι
2434 1581 2511 1645 ad
2555 1583 2751 1647 illum

364 1663 898 1748 consequendum
946 1661 1170 1725 eadem
1192 1658 1544 1722 “adhibeant
1580 1657 1810 1721 media.
1945 1660 2123 1742 Quin
2165 1662 2298 1725 imo
2339 1664 2407 1727 in
2455 1665 2586 1730 hoc
2636 1667 2755 1729 sta·-

360 1762 441 1817 tu
467 1751 579 1812 vel
608 1744 880 1810 maxime
914 1741 1114 1823 pastis
1155 1759 1320 1821 opus
1354 1740 1479 1804 effe
1519 1738 1672 1804 inde
1699 1739 2069 1824 colligitur,
2102 1744 2282 1827 quod
2311 1784 2340 1824 2
2387 1767 2591 1829 quum
2629 1747 2750 1813 ho-

359 1831 569 1898 mines
592 1828 672 1890 ad
702 1824 1108 1891 humanitatis
1140 1823 1352 1887 officia
1378 1823 1729 1902 praestanda
1760 1825 1948 1888 nullo
1980 1823 2143 1903 juris
2167 1827 2438 1917 vfinculo
2468 1830 2751 1901 adstrifiti

360 1913 623 1990 forent,
650 1905 1228 1974 intervenientibus
1261 1904 1459 1985 pastis
1485 1905 1594 1968 illa
1624 1904 1739 1969 fibi
1766 1905 2049 1986 stipulari
2078 1907 2408 1976 deberent.
2509 1915 2752 1979 Conse·
2828 1919 2831 1922 ’

362 1995 587 2080 quitur
620 2003 755 2074 4.to
781 1987 1202 2054 absurdam&
1228 1987 1647 2053 monstrosam
1683 1987 1809 2051 effe
1850 1988 2227 2068 opinionem
2268 1993 2580 2060 Hobbefii
2615 1998 2750 2062 Sta-

359 2092 506 2144 tum
533 2074 888 2139 naturalem
909 2071 978 2134 in
999 2070 1229 2135 statum
1261 2088 1444 2134 mere
1468 2069 1858 2134 bellicosum
1886 2074 2356 2138 transmutantis
2374 2117 2397 2154 2
2425 2097 2499 2141 ac
2541 2079 2750 2144 omni-

361 2162 482 2234 bus
519 2158 583 2223 ὅτ
622 2154 882 2240 lingulis
907 2153 1012 2234 jus
1049 2153 1116 2216 in
1148 2170 1374 2216 omnes
1407 2192 1430 2230 2
1468 2151 1531 2216 δε
1565 2153 1778 2216 omnia
1813 2152 2203 2234 tribuentis,
2241 2177 2431 2241 quam
2467 2171 2568 2223 tot
2593 2162 2747 2227 Viri

363 2239 711 2306 doffiffimi
733 2239 865 2318 jam
893 2234 1144 2315 pridem
1170 2235 1596 2319 profligarunt
1622 2234 1729 2319 (a)
1759 2253 1780 2315 3
1826 2235 2247 2320 consequitur,
2285 2250 2396 2314 sto
2422 2240 2574 2312 duas
2598 2240 2748 2308 fore

360 2321 791 2406 proprietates
803 2367 810 2385 .,
823 2320 1045 2383 ‚Status
1077 2317 1378 2383 naturalis
1405 2359 1426 2398 2
1475 2336 1707 2397 nempe
1735 2317 2165 2401 aequalitatem
2190 2360 2215 2398 -,
2260 2321 2323 2386 δε
2362 2320 2746 2398 libertatem.

356 2399 460 2485 Ex
489 2409 641 2489 lege,
660 2416 790 2468 tam
809 2400 1188 2485 aequalitatis
1219 2417 1413 2485 quam
1435 2399 1741 2464 libertatis
1777 2400 1922 2463 fluit
1948 2440 1972 2478 2
1991 2407 1997 2416 ”
2012 2401 2195 2486 quod
2225 2422 2420 2468 nemo
2444 2402 2623 2469 foret
2650 2405 2750 2470 su-

362 2489 583 2571 perior
605 2526 629 2564 )
674 2503 870 2548 nemo
893 2480 1220 2560 subditus>
1269 2501 1394 2547 1100
1415 2483 1692 2563 imperio
1720 2523 1742 2562 >
1778 2502 1902 2547 nee
1932 2483 2318 2566 subjeftioni
2345 2527 2367 2564 ³
2392 2508 2517 2554 nec
2542 2487 2747 2571 digni-

359 2585 566 2641 tatum
593 2565 939 2643 discrimini
964 2568 1150 2628 locus
1182 2565 1353 2630 soret
1381 2606 1405 2646 2
1442 2568 1704 2631 exulare
1737 2565 2053 2631 deberent
2079 2587 2302 2632 omnes
2319 2569 2746 2653 MagistratuS,

365 2671 590 2718 omnes
611 2653 784 2744 leges
807 2647 1145 2730 pofitivae,
1168 2666 1422 2727 poenae,
1458 2647 1521 2712 &
1545 2646 1863 2733 quidquid
1897 2647 2031 2714 fine
2070 2650 2330 2716 alterius
2370 2670 2509 2735 prae
2540 2653 2747 2722 altero

359 2748 785 2820 praerogativa
803 2730 1250 2818 potestateque
1274 2728 1545 2814 intelligi
1573 2750 1710 2799 11011
1731 2727 1968 2813 potest.

1416 2897 1501 3011 §-
1563 2897 1665 2990 v,

373 3065 615 3207 STatus
647 3070 845 3156 igitur
884 3067 1200 3133 adventitius
1234 3066 1327 3131 est
1363 3065 1475 3131 ille
1499 3105 1523 3145 2
1566 3085 1760 3152 quem
1795 3066 1969 3134 fafito
2012 3070 2282 3154 proprio
2330 3068 2743 3152 adoptamus,

498 3156 605 3216 vel
635 3153 809 3220 fafito
835 3152 1044 3216 alieno
1081 3149 1387 3231 adoptare
1415 3150 1748 3235 cogimur,
1789 3152 1850 3217 δι
1878 3153 2051 3217 hunc
2085 3164 2289 3216 Statum
2321 3173 2630 3218 vocamus
2653 3164 2747 3218 So·

369 3243 606 3304 cietatem
639 3238 860 3298 civilem.
944 3233 1270 3315 Quoniam
1293 3251 1457 3296 vero
1482 3234 2004 3300 omnisxsocietas
2039 3236 2347 3302 fundatur
2373 3237 2438 3299 in
2473 3237 2743 3300 consen-

367 3317 442 3380 su
472 3314 789 3395 duorum,
817 3316 930 3380 vel
953 3315 1237 3395 plurium
1261 3355 1284 3394 ,
1314 3315 1472 3380 socii
1496 3335 1660 3391 vero
1700 3336 2118 3384 communem
2146 3318 2260 3383 fibi
2295 3320 2642 3404 praefigunt
2666 3317 2743 3381 fi-

369 3419 559 3477 nem,
597 3398 658 3464 &
688 3398 764 3462 ad
794 3398 969 3463 hunc
996 3394 1193 3460 finem
1224 3397 1753 3494 consequendum
1783 3412 1958 3466 certa
1983 3402 2228 3487 eligunt
2260 3401 2508 3480 media,
2535 3400 2600 3464 se
2647 3401 2745 3465 ui-

368 3492 478 3553 tur
506 3481 852 3548 neceffario
885 3478 964 3544 ad
1006 3499 1266 3546 omnem
1292 3483 1682 3551 Soc1etatem
1712 3483 1822 3548 seu
1853 3492 2064 3550 Statum
2082 3486 2319 3570 socialem
2341 3482 2582 3570 requiri
2647 3503 2741 3570 uo

2557 3585 2738 3630 nem-

365 3648 465 3718 (ι)
494 3649 633 3781 3ῗῶ
651 3648 760 3699 211'02
783 3646 872 3699 vid.
908 3645 1077 3698 Clanin'.
1111 3649 1163 3696 Ρ.
1205 3645 1531 3700 cathinianum
1556 3648 1756 3720 'thoman
1787 3648 1836 3702 in
1869 3649 1947 3702 suo
1986 3656 2095 3716 June
2124 3658 2306 3704 Natura
2346 3649 2622 3716 Theologice
2662 3668 2740 3701 ex·
