2970 3918
1098 206 1212 284 De
1241 203 1423 281 Statu
1453 200 1744 298 Ecclefiae.
2517 215 2603 284 85

90 378 121 386 ·
230 363 390 431 duni
415 359 845 449 Evangelium
867 357 1071 437 misit,
1109 358 1419 446 juss‘itque
1436 399 1461 440 2
1491 368 1567 423 ut
1596 356 1766 421 irent
1788 352 1922 420 fine
1942 351 2128 418 sacco
2161 349 2226 420 8z
2253 367 2443 436 pera,
2472 369 2613 446 oni·

226 468 377 514 nem
411 446 720 513 ambitum
752 452 790 509 a
822 443 889 507 se
926 440 1327 523 abdicarent,
1361 442 1521 508 nihil
1553 440 1802 525 proprii
1827 437 2227 523 possiderent
2243 477 2267 517 2
2313 454 2451 501 non
2493 435 2612 499 nisi

228 535 534 597 volentes
574 529 987 610 baptizarent.
1063 524 1374 592 haetenus
1407 526 1578 592 dieta
1608 522 1689 589 ad
1719 541 1954 592 munus
1985 518 2415 605 praedicandi,
2442 518 2510 586 &
2533 516 2615 588 ad

228 614 423 699 ipsam
454 613 840 696 religionem
874 609 1244 674 hominibus
1273 608 1775 690 persuadendam
1803 609 2149 690 pertinent.

401 700 612 760 Porro
642 705 857 756 autem
888 695 1084 775 longe
1115 691 1208 753 est
1244 692 1419 756 aliud
1455 711 1682 778 regere
1705 691 2058 756 Ecclesiam
2102 690 2264 755 DEI
2294 731 2318 770 ³
2365 685 2443 752 ad
2481 686 2615 752 hoc

183 841 186 847 ,
232 780 406 846 enim
440 774 784 840 sufficienti
805 775 1122 855 potestate
1161 774 1415 855 imperii
1441 774 1695 839 ferendi
1722 778 1894 860 leges
1931 814 1955 852 2
1988 772 2319 854 judicandi
2349 771 2430 835 de
2465 791 2617 835 cau-

227 863 306 925 sis
327 901 352 939 ‚
373 856 684 940 puniendi
713 857 1114 922 facinorosos
1137 898 1162 935 2
1193 858 1602 938 remittendi,
1628 857 1864 952 ligandi
1906 876 2070 938 opus
2089 856 2200 923 est.
2267 854 2621 940 Postquam

229 943 426 1028 igitur
461 938 747 1005 Christus
788 939 912 1005 suis
954 939 1291 1022 Apostolis
1333 939 1742 1008 demandavit
1788 941 2192 1023 provinciam
2223 935 2619 1024 praedicandi

220 1024 687 1110 Evangelium‚
717 1024 909 1088 etiam
928 1022 1269 1089 sufficienti
1292 1023 1680 1092 authoritate
1702 1023 1779 1088 ad
1800 1023 2142 1109 regendam
2154 1023 2505 1089 Ecclesiam
2536 1039 2621 1084 ex

222 1109 468 1198 Judaeis
506 1109 571 1175 &
616 1107 981 1175 Gentilibus
1031 1108 1541 1192 congregandam
1591 1111 1740 1172 illos
1777 1109 2091 1172 instruere
2137 1109 2251 1188 ipsi
2293 1108 2618 1188 placuit-,t

227 1191 641 1278 quum‘enim
663 1188 1056 1272 praevidiss'et
1103 1202 1325 1276 gentes
1363 1189 1570 1256 ferme
1615 1210 1840 1254 omnes
1869 1191 1936 1253 in
1968 1190 2143 1254 hunc
2178 1201 2427 1255 coetum
2470 1189 2622 1252 fore·

228 1277 513 1340 coituras
543 1315 567 1353 2
594 1274 749 1338 huic
778 1277 983 1339 coetui
1014 1294 1132 1355 per
1171 1292 1397 1339 omnes
1430 1272 1659 1339 mundi
1702 1284 1914 1353 partes
1946 1314 1969 1351 2
2019 1274 2081 1339 δι
2126 1274 2299 1338 orbis
2344 1275 2618 1357 angulos

227 1357 463 1424 diffuso
497 1355 578 1421 de
604 1356 817 1421 forma
835 1357 1158 1443 regiminis
1189 1359 1252 1424 δι
1281 1357 1536 1439 imperii
1559 1355 1913 1438 providere
1931 1356 2149 1422 voluit
2164 1397 2187 1434 2
2211 1356 2456 1440 optime
2475 1375 2624 1443 gna-

225 1462 335 1507 rus
365 1483 389 1522 7
434 1438 618 1526 quod
641 1441 775 1503 fine
803 1440 1014 1505 forma
1040 1441 1295 1523 imperii
1320 1455 1448 1506 tam
1473 1461 1701 1522 parum
1736 1440 1881 1504 haec
1915 1440 2202 1505 Ecclesia
2221 1481 2244 1518 ³
2279 1459 2472 1525 quam
2515 1458 2626 1522 pa·

225 1546 373 1590 rum
407 1524 806 1606 Respublica
831 1525 949 1589 alia
990 1525 1358 1605 amplissima
1391 1523 1525 1589 sine
1561 1525 1836 1606 imperio
1866 1522 2213 1588 consistere
2256 1521 2447 1604 poffit
2493 1562 2516 1601 2
2562 1521 2626 1586 &

226 1609 380 1673 hinc
405 1606 746 1688 Apostolis
773 1609 945 1671 claves
978 1615 1140 1695 Regni*
1166 1616 1421 1672 Coetorum
1438 1656 1455 1683 ‚
1481 1610 1785 1692 potestatem
1810 1610 2044 1693 ligandi,
2063 1608 2327 1687 solvendi,
2349 1605 2418 1679 ξς
2438 1621 2629 1690 pecca-

231 1706 291 1758 ta
315 1689 661 1767 remittendi,
706 1688 866 1775 quin
908 1691 1118 1753 eandem
1145 1692 1447 1773 potestatem
1475 1736 1495 1764 ,
1543 1710 1702 1774 quam
1750 1695 1849 1771 ipse
1889 1688 2073 1753 babuit
2098 1737 2115 1763 ,
2159 1693 2390 1768 conccfft
2428 1709 2443 1750 t
2488 1687 2625 1751 imo

278 1771 418 1837 uod
440 1783 682 1854 praeter
703 1773 868 1837 hanc
899 1773 1281 1852 potestatem
1315 1813 1338 1851 2
1385 1791 1534 1856 quae
1572 1790 1710 1834 non
1746 1770 1861 1834 nisi
1899 1792 1974 1836 ea
2002 1790 2152 1856 quae
2192 1770 2339 1835 sunt
2365 1768 2627 1849 jurisdi-

232 1798 468 1924 {tionis
504 1874 560 1920 e.
578 1874 636 1940 g.
662 1853 1043 1937 potestatem
1077 1853 1450 1933 J'udicandi,
1480 1853 1827 1920 decidendi
1843 1854 2054 1918 causas
2074 1896 2098 1934 2
2128 1852 2461 1939 infligendi
2488 1873 2629 1934 poe-

228 1960 338 2004 nas
357 1982 381 2020 9
414 1935 1017 2005 excommunicandi
1040 1937 1164 2003 διε.
1194 1936 1693 2018 εοῐῐιΡΙεξὶίωΥ,
1719 1939 2100 2019 ampliorem
2127 1935 2335 2002 adhuc
2354 1935 2631 2018 potesta-

228 2035 364 2089 tem
407 2020 694 2088 Christus
740 2022 808 2085 in
843 2021 993 2084 suos
1030 2018 1392 2102 Apostolos
1439 2018 1902 2100 transfuderit,
1945 2020 2094 2085 inde
2138 2020 2519 2101 apertissime
2552 2018 2630 2082 li-

227 2118 390 2193 quet
415 2145 439 2184 ,
470 2101 651 2188 quod
676 2103 982 2186 Apostoli
1016 2104 1514 2187 quamplurimas
1568 2103 1886 2169 Ecclesias
1932 2104 2257 2168 erexerint
2281 2145 2305 2182 >
2356 2103 2630 2187 hisque„

226 2208 381 2254 cum
407 2185 726 2269 potestate
749 2207 887 2250 non
915 2187 1355 2332 ‹gualicunque
1377 2188 1487 2252 sed
1512 2185 1767 2269 imperii
1801 2187 2225 2270 praefuerint,
2253 2189 2427 2272 leges
2459 2188 2632 2251 tule÷

226 2272 398 2350 rint,
430 2269 903 2333 controversias
976 2269 1332 2349 eciderint,
1369 2289 1575 2355 eaque
1600 2268 1820 2335 omnia
1839 2269 2282 2335 ordinaverint
2307 2311 2331 2350 2
2360 2286 2510 2356 quae
2536 2269 2632 2349 ip·-

233 2354 314 2417 sis
354 2351 433 2416 ad
462 2351 732 2414 salutem
767 2350 1078 2416 Ecclesiae
1108 2392 1132 2429 9
1167 2353 1230 2416 &
1262 2352 1613 2418 animarum
1641 2363 1751 2417 aut
1775 2353 2150 2432 nec'ess'aria,
2191 2365 2299 2416 aut
2325 2353 2510 2417 utilia
2531 2351 2631 2415 vi-

235 2435 572 2502 debantur.
649 2433 1091 2500 Sanstuarium
1135 2435 1490 2516 Scripturae
1543 2434 1977 2522 ingrediamur
2004 2458 2019 2498 ε
2082 2454 2303 2499 nonne
2341 2435 2633 2518 Aposto-

232 2522 336 2582 lus
376 2516 458 2582 de
484 2517 797 2601 regimine
830 2517 945 2582 sibi
975 2518 1311 2582 commisso
1355 2519 1705 2600 expressam
1742 2518 1894 2582 facit
1931 2519 2332 2583 mentionem
2366 2541 2380 2582 t
2426 2524 2478 2582 in
2523 2538 2630 2610 quo

230 2622 326 2663 vos
344 2606 563 2688 Spiritus
579 2610 637 2664 S·
665 2602 832 2683 posuit
860 2605 1130 2683 episcopos
1155 2622 1330 2686 regere
1358 2604 1624 2686 Ecclefiam
1650 2610 1791 2665 DEI.
1818 2601 1927 2686 (a)
2012 2604 2125 2667 An
2160 2622 2296 2667 non
2322 2601 2453 2684 ipse
2476 2599 2629 2663 hinc

234 2682 387 2747 inde
413 2681 616 2747 varias
650 2683 803 2746 tulit
831 2685 894 2747 le
938 2702 1007 2747 es
1025 2723 1047 2760 ³
1082 2682 1177 2744 boc
1206 2699 1377 2748 autem
1403 2690 1652 2768 precipio.
1671 2683 1791 2769 (b)
1835 2687 1948 2749 An
1978 2705 2113 2750 non
2133 2685 2440 2768 Apostoli
2469 2702 2631 2748 con·

232 2767 612 2834 troverfiam
634 2766 808 2831 circa
848 2787 890 2830 o
937 2766 1314 2830 servantiam
1347 2768 1646 2851 legalium
1676 2768 1975 2832 obortam
2003 2773 2068 2835 in
2099 2768 2333 2834 Concil
2356 2767 2629 2857 Jerosol.

230 2849 532 2914 ultimato
576 2849 1000 2914 terminarunt
1034 2849 1332 2930 judicio?
1377 2850 1490 2936 (c)
1590 2851 1704 2917 De
1738 2852 1928 2917 variis
1970 2852 2505 2918 ordinationibus
2546 2869 2629 2932 ex

233 2931 555 3016 potestate
592 2932 844 3013 imperii
887 2933 1237 2998 fluentibus
1285 2954 1366 2999 ex
1405 2933 1533 3015 ipsa
1569 2934 1781 3001 forma
1814 2936 2125 3001 Ecclesiae
2149 2977 2172 3016 2
2222 2956 2413 3022 quam
2456 2934 2630 3014 jam„

235 3030 380 3083 tum
411 3014 675 3094 habuit,
712 3015 1003 3085 constare
1031 3015 1244 3082 debet.
1329 3025 1549 3093 cetera,
1589 3041 1704 3083 cum
1738 3042 1928 3083 venero
1967 3021 2226 3102 disponam
2253 3068 2270 3093 ‚
2302 3019 2385 3083 ait
2435 3020 2627 3100 Apo-

238 3099 464 3164 stolus.
510 3097 629 3185 (d)
716 3103 883 3165 Haec
926 3100 972 3164 si
1007 3101 1148 3186 quis
1184 3101 1436 3166 sincero
1473 3102 1688 3166 animo
1733 3102 2016 3184 sepositis
2053 3101 2313 3182 jndiciis
2351 3100 2520 3183 apud
2563 3100 2625 3164 se

236 3180 559 3263 expendat
587 3223 612 3261 ·,
666 3178 858 3249 facile
902 3182 1390 3267 deprehendet,
1438 3187 1797 3251 cerebrinas
1853 3187 1976 3250 effe
2030 3186 2466 3268 expositiones
2493 3226 2515 3264 ³
2562 3183 2624 3249 δῖ.

236 3265 804 3348 interpretationes
847 3266 1258 3339 Pufendorfii
1284 3309 1308 3352 2
1344 3269 1760 3423 filiorumque
1805 3270 1919 3358 qui
1962 3288 2044 3337 ex
2090 3273 2345 3357 potestate
2393 3272 2625 3335 clavium

1444 3367 1482 3437 3
2427 3360 2432 3382 ⁸
2470 3368 2625 3416 cum

234 3469 320 3537 (ι)
359 3470 568 3523 Anxa.
599 3482 750 3534 ἣτε.
809 3468 815 3473 ’
941 3518 949 3529 .

235 3538 311 3598 (b)
350 3541 816 3604 1.Cor.n.v·35·'
1294 3556 1306 3593 ὃ

237 3606 312 3666 (e)
351 3607 454 3656 Αᾶ.
473 3623 557 3668 ¹5·

239 3671 327 3741 (d)
357 3675 539 3732 boc-cit
550 3673 607 3729 ad
624 3675 737 3744 Gorg
