<?xml version="1.0" encoding="UTF-8"?>
<!DOCTYPE html PUBLIC "-//W3C//DTD XHTML 1.0 Transitional//EN"
    "http://www.w3.org/TR/xhtml1/DTD/xhtml1-transitional.dtd">
<html xmlns="http://www.w3.org/1999/xhtml" xml:lang="en" lang="en">
 <head>
  <title>
</title>
<meta http-equiv="Content-Type" content="text/html;charset=utf-8" />
  <meta name='ocr-system' content='tesseract 3.04.00' />
  <meta name='ocr-capabilities' content='ocr_page ocr_carea ocr_par ocr_line ocrx_word'/>
</head>
<body>
  <div class='ocr_page' id='page_1' title='image "./destatuecclesiae00zalluoft_0189.png"; bbox 0 0 2970 3918; ppageno 0'>
   <div class='ocr_carea' id='block_1_1' title="bbox 912 137 2586 236">
    <p class='ocr_par' dir='ltr' id='par_1_1' title="bbox 912 137 2586 236">
     <span class='ocr_line' id='line_1_1' title="bbox 912 137 2586 236; baseline -0.007 -15"><span class='ocrx_word' id='word_1_1' title='bbox 912 147 1026 221; x_wconf 91' lang='lat' dir='ltr'><strong>De</strong></span> <span class='ocrx_word' id='word_1_2' title='bbox 1059 139 1441 220; x_wconf 67' lang='lat' dir='ltr'><strong>fferarcbia</strong></span> <span class='ocrx_word' id='word_1_3' title='bbox 1469 137 1885 236; x_wconf 76' lang='lat' dir='ltr'><strong>Ecclefiastica.</strong></span> <span class='ocrx_word' id='word_1_4' title='bbox 2451 158 2475 207; x_wconf 83' lang='grc' dir='ltr'>ι</span> <span class='ocrx_word' id='word_1_5' title='bbox 2491 143 2586 224; x_wconf 83' lang='lat'><strong>69</strong></span> 
     </span>
    </p>
   </div>
   <div class='ocr_carea' id='block_1_2' title="bbox 199 281 2616 3571">
    <p class='ocr_par' dir='ltr' id='par_1_2' title="bbox 213 278 2596 705">
     <span class='ocr_line' id='line_1_2' title="bbox 382 281 2588 386; baseline -0.006 -19"><span class='ocrx_word' id='word_1_6' title='bbox 382 303 494 367; x_wconf 86' lang='lat' dir='ltr'><strong>De</strong></span> <span class='ocrx_word' id='word_1_7' title='bbox 518 301 757 379; x_wconf 75' lang='lat' dir='ltr'><strong>modo,</strong></span> <span class='ocrx_word' id='word_1_8' title='bbox 797 319 932 386; x_wconf 92' lang='lat' dir='ltr'><strong>quo</strong></span> <span class='ocrx_word' id='word_1_9' title='bbox 963 300 1124 363; x_wconf 90' lang='lat' dir='ltr'><strong>olim</strong></span> <span class='ocrx_word' id='word_1_10' title='bbox 1159 295 1467 361; x_wconf 82' lang='lat' dir='ltr'>dabantur</span> <span class='ocrx_word' id='word_1_11' title='bbox 1491 289 1931 385; x_wconf 75' lang='lat' dir='ltr'><strong>Coadjutoriae</strong></span> <span class='ocrx_word' id='word_1_12' title='bbox 1949 326 1978 380; x_wconf 70' lang='lat'><strong>³.</strong></span> <span class='ocrx_word' id='word_1_13' title='bbox 2003 282 2292 380; x_wconf 49' lang='lat' dir='ltr'><strong>&amp;nodie</strong></span> <span class='ocrx_word' id='word_1_14' title='bbox 2315 281 2449 350; x_wconf 86' lang='lat' dir='ltr'><strong>dari</strong></span> <span class='ocrx_word' id='word_1_15' title='bbox 2476 287 2588 355; x_wconf 76' lang='lat' dir='ltr'><strong>de-</strong></span> 
     </span>
     <span class='ocr_line' id='line_1_3' title="bbox 215 366 2588 464; baseline -0.007 -15"><span class='ocrx_word' id='word_1_16' title='bbox 215 383 407 450; x_wconf 87' lang='lat' dir='ltr'><strong>beant</strong></span> <span class='ocrx_word' id='word_1_17' title='bbox 428 425 453 464; x_wconf 65' lang='lat'>2</span> <span class='ocrx_word' id='word_1_18' title='bbox 497 384 849 455; x_wconf 77' lang='lat' dir='ltr'><strong>videamus,</strong></span> <span class='ocrx_word' id='word_1_19' title='bbox 935 381 1116 444; x_wconf 88' lang='lat' dir='ltr'>Olim</span> <span class='ocrx_word' id='word_1_20' title='bbox 1158 379 1330 444; x_wconf 88' lang='lat' dir='ltr'><strong>datio</strong></span> <span class='ocrx_word' id='word_1_21' title='bbox 1370 374 1783 455; x_wconf 84' lang='lat' dir='ltr'><strong>Coadjutons</strong></span> <span class='ocrx_word' id='word_1_22' title='bbox 1817 379 2127 462; x_wconf 64' lang='lat' dir='ltr'><strong>pertinuit</strong></span> <span class='ocrx_word' id='word_1_23' title='bbox 2161 366 2237 432; x_wconf 89' lang='lat' dir='ltr'><strong>ad</strong></span> <span class='ocrx_word' id='word_1_24' title='bbox 2274 369 2536 461; x_wconf 76' lang='lat' dir='ltr'><strong>Clerum</strong></span> <span class='ocrx_word' id='word_1_25' title='bbox 2564 403 2588 449; x_wconf 63' lang='lat'>5</span> 
     </span>
     <span class='ocr_line' id='line_1_4' title="bbox 214 453 2591 548; baseline -0.008 -17"><span class='ocrx_word' id='word_1_26' title='bbox 214 470 278 531; x_wconf 70' lang='grc' dir='ltr'><strong>δε</strong></span> <span class='ocrx_word' id='word_1_27' title='bbox 309 470 627 548; x_wconf 88' lang='lat' dir='ltr'><strong>populum</strong></span> <span class='ocrx_word' id='word_1_28' title='bbox 649 505 675 545; x_wconf 68' lang='lat'>³</span> <span class='ocrx_word' id='word_1_29' title='bbox 711 463 790 529; x_wconf 87' lang='lat' dir='ltr'><strong>ad</strong></span> <span class='ocrx_word' id='word_1_30' title='bbox 817 465 860 528; x_wconf 93' lang='lat' dir='ltr'>S</span> <span class='ocrx_word' id='word_1_31' title='bbox 907 458 1118 525; x_wconf 87' lang='lat' dir='ltr'><strong>nodos</strong></span> <span class='ocrx_word' id='word_1_32' title='bbox 1144 462 1624 535; x_wconf 81' lang='lat' dir='ltr'><strong>ProvincialeS,</strong></span> <span class='ocrx_word' id='word_1_33' title='bbox 1660 456 1722 521; x_wconf 88' lang='lat'>&amp;</span> <span class='ocrx_word' id='word_1_34' title='bbox 1754 454 2245 547; x_wconf 62' lang='lat' dir='ltr'><strong>MetropolitaS,</strong></span> <span class='ocrx_word' id='word_1_35' title='bbox 2270 453 2382 514; x_wconf 90' lang='lat' dir='ltr'><strong>vel</strong></span> <span class='ocrx_word' id='word_1_36' title='bbox 2413 454 2591 534; x_wconf 72' lang='lat' dir='ltr'><strong>illos,</strong></span> 
     </span>
     <span class='ocr_line' id='line_1_5' title="bbox 213 533 2596 633; baseline -0.004 -21"><span class='ocrx_word' id='word_1_37' title='bbox 213 551 324 633; x_wconf 87' lang='lat' dir='ltr'><strong>qui</strong></span> <span class='ocrx_word' id='word_1_38' title='bbox 349 548 534 613; x_wconf 85' lang='lat' dir='ltr'><strong>instar</strong></span> <span class='ocrx_word' id='word_1_39' title='bbox 545 551 851 627; x_wconf 82' lang='lat' dir='ltr'><strong>Metropo</strong></span> <span class='ocrx_word' id='word_1_40' title='bbox 881 546 1109 606; x_wconf 88' lang='lat' dir='ltr'><strong>itarum</strong></span> <span class='ocrx_word' id='word_1_41' title='bbox 1129 543 1397 606; x_wconf 85' lang='lat' dir='ltr'><strong>fuerunt</strong></span> <span class='ocrx_word' id='word_1_42' title='bbox 1417 539 1812 622; x_wconf 83' lang='lat' dir='ltr'><strong>Superiores.</strong></span> <span class='ocrx_word' id='word_1_43' title='bbox 1872 575 1874 578; x_wconf 57' lang='lat'>&gt;</span> <span class='ocrx_word' id='word_1_44' title='bbox 1897 533 2280 628; x_wconf 75' lang='lat' dir='ltr'><strong>Incipiet-ido</strong></span> <span class='ocrx_word' id='word_1_45' title='bbox 2310 538 2345 598; x_wconf 68' lang='lat' dir='ltr'><strong>a</strong></span> <span class='ocrx_word' id='word_1_46' title='bbox 2362 533 2510 604; x_wconf 77' lang='lat' dir='ltr'><strong>saec.</strong></span> <span class='ocrx_word' id='word_1_47' title='bbox 2532 550 2596 614; x_wconf 82' lang='lat'><strong>5.</strong></span> 
     </span>
     <span class='ocr_line' id='line_1_6' title="bbox 214 615 2593 705; baseline -0.005 -10"><span class='ocrx_word' id='word_1_48' title='bbox 214 627 535 696; x_wconf 86' lang='lat' dir='ltr'>ordinarie</span> <span class='ocrx_word' id='word_1_49' title='bbox 565 624 755 690; x_wconf 87' lang='lat' dir='ltr'><strong>etiam</strong></span> <span class='ocrx_word' id='word_1_50' title='bbox 795 621 1265 687; x_wconf 84' lang='lat' dir='ltr'><strong>interveniebat</strong></span> <span class='ocrx_word' id='word_1_51' title='bbox 1301 623 1644 688; x_wconf 85' lang='lat' dir='ltr'><strong>consensus</strong></span> <span class='ocrx_word' id='word_1_52' title='bbox 1677 623 2150 704; x_wconf 82' lang='lat' dir='ltr'><strong>Imperatorum</strong></span> <span class='ocrx_word' id='word_1_53' title='bbox 2193 615 2255 684; x_wconf 70' lang='grc' dir='ltr'><strong>δι</strong></span> <span class='ocrx_word' id='word_1_54' title='bbox 2281 619 2540 705; x_wconf 84' lang='lat' dir='ltr'><strong>Regum</strong></span> <span class='ocrx_word' id='word_1_55' title='bbox 2568 661 2593 701; x_wconf 66' lang='lat'>2</span> 
     </span>
    </p>

    <p class='ocr_par' dir='ltr' id='par_1_3' title="bbox 199 701 2616 3571">
     <span class='ocr_line' id='line_1_7' title="bbox 260 701 2601 789; baseline -0.003 -13"><span class='ocrx_word' id='word_1_56' title='bbox 260 709 397 776; x_wconf 91' lang='lat' dir='ltr'><strong>uod</strong></span> <span class='ocrx_word' id='word_1_57' title='bbox 421 710 531 772; x_wconf 90' lang='lat' dir='ltr'><strong>vel</strong></span> <span class='ocrx_word' id='word_1_58' title='bbox 549 707 759 789; x_wconf 83' lang='lat' dir='ltr'><strong>solum</strong></span> <span class='ocrx_word' id='word_1_59' title='bbox 787 707 1157 785; x_wconf 87' lang='lat' dir='ltr'><strong>exemplum</strong></span> <span class='ocrx_word' id='word_1_60' title='bbox 1177 704 1464 770; x_wconf 81' lang='lat' dir='ltr'><strong>Udalrici</strong></span> <span class='ocrx_word' id='word_1_61' title='bbox 1492 725 1648 768; x_wconf 82' lang='lat' dir='ltr'><strong>mox</strong></span> <span class='ocrx_word' id='word_1_62' title='bbox 1673 712 2103 767; x_wconf 85' lang='lat' dir='ltr'><strong>memoratum</strong></span> <span class='ocrx_word' id='word_1_63' title='bbox 2119 701 2369 781; x_wconf 90' lang='lat' dir='ltr'><strong>probat.</strong></span> <span class='ocrx_word' id='word_1_64' title='bbox 2413 707 2601 769; x_wconf 78' lang='lat' dir='ltr'><strong>Non-</strong></span> 
     </span>
     <span class='ocr_line' id='line_1_8' title="bbox 215 737 2601 871; baseline -0.003 -13"><span class='ocrx_word' id='word_1_65' title='bbox 215 737 372 858; x_wconf 61' lang='lat' dir='ltr'><strong>3um</strong></span> <span class='ocrx_word' id='word_1_66' title='bbox 399 810 483 856; x_wconf 93' lang='lat' dir='ltr'><strong>eo</strong></span> <span class='ocrx_word' id='word_1_67' title='bbox 514 802 812 869; x_wconf 87' lang='lat' dir='ltr'><strong>tempore</strong></span> <span class='ocrx_word' id='word_1_68' title='bbox 844 787 1295 871; x_wconf 86' lang='lat' dir='ltr'><strong>requirebatur</strong></span> <span class='ocrx_word' id='word_1_69' title='bbox 1322 786 1665 852; x_wconf 88' lang='lat' dir='ltr'>consensus</span> <span class='ocrx_word' id='word_1_70' title='bbox 1690 784 2066 863; x_wconf 78' lang='lat' dir='ltr'><strong>Pontificis,</strong></span> <span class='ocrx_word' id='word_1_71' title='bbox 2102 782 2216 848; x_wconf 78' lang='lat' dir='ltr'><strong>nisi</strong></span> <span class='ocrx_word' id='word_1_72' title='bbox 2252 784 2320 848; x_wconf 91' lang='lat' dir='ltr'><strong>in</strong></span> <span class='ocrx_word' id='word_1_73' title='bbox 2344 805 2480 851; x_wconf 90' lang='lat' dir='ltr'><strong>uno</strong></span> <span class='ocrx_word' id='word_1_74' title='bbox 2510 790 2601 852; x_wconf 87' lang='lat' dir='ltr'><strong>al-</strong></span> 
     </span>
     <span class='ocr_line' id='line_1_9' title="bbox 218 866 2600 954; baseline 0 -17"><span class='ocrx_word' id='word_1_75' title='bbox 218 887 453 938; x_wconf 88' lang='lat' dir='ltr'><strong>terove</strong></span> <span class='ocrx_word' id='word_1_76' title='bbox 487 868 671 950; x_wconf 70' lang='lat' dir='ltr'><strong>casu,</strong></span> <span class='ocrx_word' id='word_1_77' title='bbox 722 889 857 954; x_wconf 93' lang='lat' dir='ltr'><strong>quo</strong></span> <span class='ocrx_word' id='word_1_78' title='bbox 896 887 1129 950; x_wconf 87' lang='lat' dir='ltr'><strong>nempe</strong></span> <span class='ocrx_word' id='word_1_79' title='bbox 1159 869 1460 949; x_wconf 85' lang='lat' dir='ltr'><strong>Episcopi</strong></span> <span class='ocrx_word' id='word_1_80' title='bbox 1493 866 1915 932; x_wconf 74' lang='lat' dir='ltr'><strong>successorem</strong></span> <span class='ocrx_word' id='word_1_81' title='bbox 1947 866 2253 951; x_wconf 89' lang='lat' dir='ltr'><strong>petebant</strong></span> <span class='ocrx_word' id='word_1_82' title='bbox 2297 867 2432 948; x_wconf 67' lang='lat' dir='ltr'><strong>illi„</strong></span> <span class='ocrx_word' id='word_1_83' title='bbox 2484 873 2600 953; x_wconf 89' lang='lat' dir='ltr'><strong>qui</strong></span> 
     </span>
     <span class='ocr_line' id='line_1_10' title="bbox 216 947 2600 1032; baseline -0.002 -12"><span class='ocrx_word' id='word_1_84' title='bbox 216 956 406 1020; x_wconf 78' lang='lat' dir='ltr'><strong>simul</strong></span> <span class='ocrx_word' id='word_1_85' title='bbox 442 954 690 1018; x_wconf 87' lang='lat' dir='ltr'><strong>Vicarii</strong></span> <span class='ocrx_word' id='word_1_86' title='bbox 737 950 917 1017; x_wconf 86' lang='lat' dir='ltr'><strong>Sedis</strong></span> <span class='ocrx_word' id='word_1_87' title='bbox 949 949 1356 1032; x_wconf 87' lang='lat' dir='ltr'><strong>Apostolicae</strong></span> <span class='ocrx_word' id='word_1_88' title='bbox 1402 950 1695 1029; x_wconf 75' lang='lat' dir='ltr'><strong>fuerant,</strong></span> <span class='ocrx_word' id='word_1_89' title='bbox 1742 950 1844 1013; x_wconf 83' lang='lat' dir='ltr'><strong>uti</strong></span> <span class='ocrx_word' id='word_1_90' title='bbox 1882 947 2344 1015; x_wconf 89' lang='lat' dir='ltr'><strong>commonstrat</strong></span> <span class='ocrx_word' id='word_1_91' title='bbox 2383 971 2600 1016; x_wconf 81' lang='lat' dir='ltr'><strong>exem-</strong></span> 
     </span>
     <span class='ocr_line' id='line_1_11' title="bbox 218 1031 2602 1120; baseline -0.001 -19"><span class='ocrx_word' id='word_1_92' title='bbox 218 1042 400 1120; x_wconf 89' lang='lat' dir='ltr'><strong>plum</strong></span> <span class='ocrx_word' id='word_1_93' title='bbox 440 1038 500 1101; x_wconf 89' lang='lat' dir='ltr'><strong>S.</strong></span> <span class='ocrx_word' id='word_1_94' title='bbox 533 1034 887 1112; x_wconf 75' lang='lat' dir='ltr'><strong>Bonifacii‚</strong></span> <span class='ocrx_word' id='word_1_95' title='bbox 924 1031 1006 1096; x_wconf 91' lang='lat' dir='ltr'><strong>de</strong></span> <span class='ocrx_word' id='word_1_96' title='bbox 1038 1053 1172 1116; x_wconf 92' lang='lat' dir='ltr'><strong>quo</strong></span> <span class='ocrx_word' id='word_1_97' title='bbox 1199 1033 1401 1112; x_wconf 89' lang='lat' dir='ltr'><strong>supra.</strong></span> <span class='ocrx_word' id='word_1_98' title='bbox 1490 1034 1676 1096; x_wconf 86' lang='lat' dir='ltr'><strong>Circa</strong></span> <span class='ocrx_word' id='word_1_99' title='bbox 1705 1032 2076 1097; x_wconf 85' lang='lat' dir='ltr'><strong>finemsaec.</strong></span> <span class='ocrx_word' id='word_1_100' title='bbox 2114 1043 2210 1108; x_wconf 82' lang='lat'><strong>15.</strong></span> <span class='ocrx_word' id='word_1_101' title='bbox 2243 1047 2602 1099; x_wconf 89' lang='lat' dir='ltr'><strong>occurrunt</strong></span> 
     </span>
     <span class='ocr_line' id='line_1_12' title="bbox 223 1114 2603 1201; baseline -0.001 -17"><span class='ocrx_word' id='word_1_102' title='bbox 223 1123 557 1200; x_wconf 73' lang='lat' dir='ltr'><strong>exempla,</strong></span> <span class='ocrx_word' id='word_1_103' title='bbox 599 1138 680 1181; x_wconf 85' lang='lat' dir='ltr'><strong>ex</strong></span> <span class='ocrx_word' id='word_1_104' title='bbox 703 1116 1308 1201; x_wconf 70' lang='lat' dir='ltr'><strong>quibuscolligitur,</strong></span> <span class='ocrx_word' id='word_1_105' title='bbox 1339 1114 1467 1193; x_wconf 86' lang='lat' dir='ltr'><strong>jam</strong></span> <span class='ocrx_word' id='word_1_106' title='bbox 1496 1125 1653 1179; x_wconf 88' lang='lat' dir='ltr'><strong>tunc</strong></span> <span class='ocrx_word' id='word_1_107' title='bbox 1691 1114 2094 1197; x_wconf 83' lang='lat' dir='ltr'><strong>frequentius</strong></span> <span class='ocrx_word' id='word_1_108' title='bbox 2119 1114 2185 1177; x_wconf 90' lang='lat' dir='ltr'><strong>in</strong></span> <span class='ocrx_word' id='word_1_109' title='bbox 2223 1114 2603 1181; x_wconf 77' lang='lat' dir='ltr'><strong>assumendis</strong></span> 
     </span>
     <span class='ocr_line' id='line_1_13' title="bbox 223 1195 2603 1281; baseline -0.005 -13"><span class='ocrx_word' id='word_1_110' title='bbox 223 1200 723 1281; x_wconf 84' lang='lat' dir='ltr'><strong>Coadjutoribus</strong></span> <span class='ocrx_word' id='word_1_111' title='bbox 748 1197 1126 1263; x_wconf 87' lang='lat' dir='ltr'><strong>consensum</strong></span> <span class='ocrx_word' id='word_1_112' title='bbox 1153 1197 1492 1262; x_wconf 85' lang='lat' dir='ltr'><strong>Pontificis</strong></span> <span class='ocrx_word' id='word_1_113' title='bbox 1520 1197 1704 1260; x_wconf 79' lang='lat' dir='ltr'><strong>fuisse</strong></span> <span class='ocrx_word' id='word_1_114' title='bbox 1732 1196 2108 1281; x_wconf 77' lang='lat' dir='ltr'><strong>requisitum</strong></span> <span class='ocrx_word' id='word_1_115' title='bbox 2129 1236 2154 1275; x_wconf 67' lang='lat'>³</span> <span class='ocrx_word' id='word_1_116' title='bbox 2191 1195 2405 1262; x_wconf 91' lang='lat' dir='ltr'><strong>donec</strong></span> <span class='ocrx_word' id='word_1_117' title='bbox 2427 1203 2603 1264; x_wconf 56' lang='lat' dir='ltr'><strong>Pon„</strong></span> 
     </span>
     <span class='ocr_line' id='line_1_14' title="bbox 222 1279 2604 1365; baseline -0 -17"><span class='ocrx_word' id='word_1_118' title='bbox 222 1284 430 1349; x_wconf 86' lang='lat' dir='ltr'><strong>tifices</strong></span> <span class='ocrx_word' id='word_1_119' title='bbox 457 1281 835 1364; x_wconf 82' lang='lat' dir='ltr'><strong>potestatem</strong></span> <span class='ocrx_word' id='word_1_120' title='bbox 853 1281 1044 1344; x_wconf 86' lang='lat' dir='ltr'><strong>dandi</strong></span> <span class='ocrx_word' id='word_1_121' title='bbox 1059 1281 1488 1364; x_wconf 86' lang='lat' dir='ltr'><strong>Coadjutores</strong></span> <span class='ocrx_word' id='word_1_122' title='bbox 1505 1281 1618 1343; x_wconf 86' lang='lat' dir='ltr'><strong>fibi</strong></span> <span class='ocrx_word' id='word_1_123' title='bbox 1638 1279 2138 1357; x_wconf 74' lang='lat' dir='ltr'><strong>reservaverint,</strong></span> <span class='ocrx_word' id='word_1_124' title='bbox 2165 1299 2448 1364; x_wconf 85' lang='lat' dir='ltr'><strong>quorum</strong></span> <span class='ocrx_word' id='word_1_125' title='bbox 2473 1283 2604 1365; x_wconf 84' lang='lat' dir='ltr'><strong>pri-</strong></span> 
     </span>
     <span class='ocr_line' id='line_1_15' title="bbox 228 1361 2273 1445; baseline -0.002 -14"><span class='ocrx_word' id='word_1_126' title='bbox 228 1386 368 1431; x_wconf 85' lang='lat' dir='ltr'><strong>mus</strong></span> <span class='ocrx_word' id='word_1_127' title='bbox 394 1365 519 1428; x_wconf 82' lang='lat' dir='ltr'><strong>fuit</strong></span> <span class='ocrx_word' id='word_1_128' title='bbox 543 1363 911 1431; x_wconf 87' lang='lat' dir='ltr'><strong>Bonifacius</strong></span> <span class='ocrx_word' id='word_1_129' title='bbox 932 1365 1125 1428; x_wconf 88' lang='lat' dir='ltr'><strong>V111.</strong></span> <span class='ocrx_word' id='word_1_130' title='bbox 1161 1361 1402 1445; x_wconf 81' lang='lat' dir='ltr'><strong>incap.</strong></span> <span class='ocrx_word' id='word_1_131' title='bbox 1434 1380 1490 1428; x_wconf 91' lang='lat'><strong>1.</strong></span> <span class='ocrx_word' id='word_1_132' title='bbox 1530 1362 1609 1426; x_wconf 92' lang='lat' dir='ltr'><strong>de</strong></span> <span class='ocrx_word' id='word_1_133' title='bbox 1647 1363 1820 1427; x_wconf 86' lang='lat' dir='ltr'><strong>Cler.</strong></span> <span class='ocrx_word' id='word_1_134' title='bbox 1854 1375 2083 1445; x_wconf 82' lang='lat' dir='ltr'><strong>aegrot.</strong></span> <span class='ocrx_word' id='word_1_135' title='bbox 2117 1362 2182 1424; x_wconf 91' lang='lat' dir='ltr'><strong>in</strong></span> <span class='ocrx_word' id='word_1_136' title='bbox 2212 1361 2273 1427; x_wconf 88' lang='lat'><strong>6.</strong></span> 
     </span>
     <span class='ocr_line' id='line_1_16' title="bbox 236 1443 2603 1531; baseline -0.002 -14"><span class='ocrx_word' id='word_1_137' title='bbox 236 1513 243 1517; x_wconf 85' lang='lat'><strong>.</strong></span> <span class='ocrx_word' id='word_1_138' title='bbox 419 1451 521 1512; x_wconf 83' lang='lat' dir='ltr'><strong>Ex</strong></span> <span class='ocrx_word' id='word_1_139' title='bbox 569 1447 822 1512; x_wconf 88' lang='lat' dir='ltr'><strong>Concil.</strong></span> <span class='ocrx_word' id='word_1_140' title='bbox 858 1446 1054 1531; x_wconf 84' lang='lat' dir='ltr'><strong>igitur</strong></span> <span class='ocrx_word' id='word_1_141' title='bbox 1086 1443 1387 1512; x_wconf 88' lang='lat' dir='ltr'><strong>Trident.</strong></span> <span class='ocrx_word' id='word_1_142' title='bbox 1432 1445 1567 1531; x_wconf 80' lang='lat' dir='ltr'><strong>(a)</strong></span> <span class='ocrx_word' id='word_1_143' title='bbox 1603 1462 1676 1509; x_wconf 91' lang='lat' dir='ltr'><strong>re</strong></span> <span class='ocrx_word' id='word_1_144' title='bbox 1724 1443 1959 1508; x_wconf 88' lang='lat' dir='ltr'><strong>uiritur</strong></span> <span class='ocrx_word' id='word_1_145' title='bbox 1996 1444 2178 1511; x_wconf 82' lang='lat' dir='ltr'><strong>causa</strong></span> <span class='ocrx_word' id='word_1_146' title='bbox 2213 1444 2603 1513; x_wconf 71' lang='lat' dir='ltr'><strong>necessitatis</strong></span> 
     </span>
     <span class='ocr_line' id='line_1_17' title="bbox 220 1527 2608 1615; baseline -0.001 -20"><span class='ocrx_word' id='word_1_147' title='bbox 220 1528 335 1595; x_wconf 86' lang='lat' dir='ltr'><strong>vel</strong></span> <span class='ocrx_word' id='word_1_148' title='bbox 360 1529 648 1595; x_wconf 81' lang='lat' dir='ltr'><strong>utilitatis</strong></span> <span class='ocrx_word' id='word_1_149' title='bbox 674 1535 709 1593; x_wconf 77' lang='lat' dir='ltr'><strong>a</strong></span> <span class='ocrx_word' id='word_1_150' title='bbox 738 1529 1061 1593; x_wconf 88' lang='lat' dir='ltr'><strong>Pontifice</strong></span> <span class='ocrx_word' id='word_1_151' title='bbox 1080 1528 1374 1615; x_wconf 72' lang='lat' dir='ltr'><strong>cognita,</strong></span> <span class='ocrx_word' id='word_1_152' title='bbox 1403 1530 1466 1596; x_wconf 72' lang='grc' dir='ltr'><strong>δι</strong></span> <span class='ocrx_word' id='word_1_153' title='bbox 1495 1547 1691 1609; x_wconf 86' lang='lat' dir='ltr'><strong>appro</strong></span> <span class='ocrx_word' id='word_1_154' title='bbox 1742 1540 1859 1593; x_wconf 89' lang='lat' dir='ltr'><strong>ata.</strong></span> <span class='ocrx_word' id='word_1_155' title='bbox 1955 1527 2106 1590; x_wconf 69' lang='lat' dir='ltr'><strong>mele</strong></span> <span class='ocrx_word' id='word_1_156' title='bbox 2133 1529 2459 1613; x_wconf 82' lang='lat' dir='ltr'><strong>consurgit</strong></span> <span class='ocrx_word' id='word_1_157' title='bbox 2486 1530 2608 1594; x_wconf 76' lang='lat' dir='ltr'><strong>du-</strong></span> 
     </span>
     <span class='ocr_line' id='line_1_18' title="bbox 224 1610 2608 1691; baseline 0 -16"><span class='ocrx_word' id='word_1_158' title='bbox 224 1612 445 1691; x_wconf 74' lang='lat' dir='ltr'><strong>bium,</strong></span> <span class='ocrx_word' id='word_1_159' title='bbox 480 1632 556 1676; x_wconf 87' lang='lat' dir='ltr'><strong>an</strong></span> <span class='ocrx_word' id='word_1_160' title='bbox 596 1611 664 1677; x_wconf 89' lang='lat' dir='ltr'><strong>in</strong></span> <span class='ocrx_word' id='word_1_161' title='bbox 690 1611 992 1677; x_wconf 85' lang='lat' dir='ltr'><strong>Ecclefiis</strong></span> <span class='ocrx_word' id='word_1_162' title='bbox 1026 1613 1387 1678; x_wconf 73' lang='lat' dir='ltr'><strong>Germaniae</strong></span> <span class='ocrx_word' id='word_1_163' title='bbox 1418 1611 1708 1677; x_wconf 68' lang='lat' dir='ltr'><strong>elestivis</strong></span> <span class='ocrx_word' id='word_1_164' title='bbox 1738 1610 1928 1690; x_wconf 86' lang='lat' dir='ltr'><strong>poffit</strong></span> <span class='ocrx_word' id='word_1_165' title='bbox 1957 1612 2268 1675; x_wconf 84' lang='lat' dir='ltr'><strong>Praelatus</strong></span> <span class='ocrx_word' id='word_1_166' title='bbox 2293 1614 2608 1676; x_wconf 71' lang='lat' dir='ltr'><strong>Ecclesia-</strong></span> 
     </span>
     <span class='ocr_line' id='line_1_19' title="bbox 222 1692 2609 1776; baseline 0.002 -19"><span class='ocrx_word' id='word_1_167' title='bbox 222 1693 416 1758; x_wconf 89' lang='lat' dir='ltr'><strong>sticus</strong></span> <span class='ocrx_word' id='word_1_168' title='bbox 457 1714 610 1759; x_wconf 92' lang='lat' dir='ltr'><strong>cum</strong></span> <span class='ocrx_word' id='word_1_169' title='bbox 645 1696 959 1759; x_wconf 88' lang='lat' dir='ltr'><strong>consensu</strong></span> <span class='ocrx_word' id='word_1_170' title='bbox 987 1693 1325 1762; x_wconf 87' lang='lat' dir='ltr'><strong>Pontificis</strong></span> <span class='ocrx_word' id='word_1_171' title='bbox 1353 1692 1861 1775; x_wconf 85' lang='lat' dir='ltr'><strong>independenter</strong></span> <span class='ocrx_word' id='word_1_172' title='bbox 1899 1699 1950 1756; x_wconf 75' lang='lat' dir='ltr'><strong>a·</strong></span> <span class='ocrx_word' id='word_1_173' title='bbox 1970 1693 2283 1759; x_wconf 85' lang='lat' dir='ltr'><strong>consensu</strong></span> <span class='ocrx_word' id='word_1_174' title='bbox 2325 1695 2609 1776; x_wconf 85' lang='lat' dir='ltr'><strong>Capituli</strong></span> 
     </span>
     <span class='ocr_line' id='line_1_20' title="bbox 223 1774 2607 1870; baseline 0 -26"><span class='ocrx_word' id='word_1_175' title='bbox 223 1776 341 1844; x_wconf 77' lang='lat' dir='ltr'><strong>sibi</strong></span> <span class='ocrx_word' id='word_1_176' title='bbox 375 1776 839 1857; x_wconf 89' lang='lat' dir='ltr'><strong>Coadjutorem</strong></span> <span class='ocrx_word' id='word_1_177' title='bbox 872 1778 1228 1842; x_wconf 69' lang='lat' dir='ltr'><strong>assumere?</strong></span> <span class='ocrx_word' id='word_1_178' title='bbox 1282 1779 1356 1842; x_wconf 90' lang='lat' dir='ltr'><strong>Id</strong></span> <span class='ocrx_word' id='word_1_179' title='bbox 1383 1777 1563 1870; x_wconf 89' lang='lat' dir='ltr'><strong>quod</strong></span> <span class='ocrx_word' id='word_1_180' title='bbox 1588 1774 1735 1854; x_wconf 86' lang='lat' dir='ltr'><strong>jure</strong></span> <span class='ocrx_word' id='word_1_181' title='bbox 1776 1776 2026 1854; x_wconf 91' lang='lat' dir='ltr'><strong>optimo</strong></span> <span class='ocrx_word' id='word_1_182' title='bbox 2062 1790 2331 1860; x_wconf 88' lang='lat' dir='ltr'><strong>negatur</strong></span> <span class='ocrx_word' id='word_1_183' title='bbox 2353 1818 2379 1855; x_wconf 71' lang='lat'>³</span> <span class='ocrx_word' id='word_1_184' title='bbox 2421 1778 2607 1845; x_wconf 81' lang='lat' dir='ltr'><strong>secus</strong></span> 
     </span>
     <span class='ocr_line' id='line_1_21' title="bbox 223 1856 2613 1955; baseline 0.001 -32"><span class='ocrx_word' id='word_1_185' title='bbox 223 1858 398 1923; x_wconf 84' lang='lat' dir='ltr'><strong>enim</strong></span> <span class='ocrx_word' id='word_1_186' title='bbox 431 1880 558 1955; x_wconf 90' lang='lat' dir='ltr'><strong>qua</strong></span> <span class='ocrx_word' id='word_1_187' title='bbox 582 1859 832 1924; x_wconf 89' lang='lat' dir='ltr'><strong>ratione</strong></span> <span class='ocrx_word' id='word_1_188' title='bbox 854 1860 1222 1924; x_wconf 89' lang='lat' dir='ltr'><strong>consultum</strong></span> <span class='ocrx_word' id='word_1_189' title='bbox 1249 1861 1370 1924; x_wconf 87' lang='lat' dir='ltr'><strong>erit</strong></span> <span class='ocrx_word' id='word_1_190' title='bbox 1394 1856 1525 1937; x_wconf 68' lang='lat' dir='ltr'><strong>juri</strong></span> <span class='ocrx_word' id='word_1_191' title='bbox 1552 1859 1760 1923; x_wconf 88' lang='lat' dir='ltr'><strong>libero</strong></span> <span class='ocrx_word' id='word_1_192' title='bbox 1780 1857 2395 1944; x_wconf 74' lang='lat' dir='ltr'><strong>eligendi&#39;Capitulis</strong></span> <span class='ocrx_word' id='word_1_193' title='bbox 2423 1881 2613 1932; x_wconf 57' lang='lat' dir='ltr'><strong>com-2</strong></span> 
     </span>
     <span class='ocr_line' id='line_1_22' title="bbox 226 1935 2607 2035; baseline 0.003 -32"><span class='ocrx_word' id='word_1_194' title='bbox 226 1951 508 2023; x_wconf 76' lang='lat' dir='ltr'><strong>petenti,</strong></span> <span class='ocrx_word' id='word_1_195' title='bbox 536 1961 670 2035; x_wconf 92' lang='lat' dir='ltr'><strong>quo</strong></span> <span class='ocrx_word' id='word_1_196' title='bbox 690 1962 807 2022; x_wconf 89' lang='lat' dir='ltr'><strong>per</strong></span> <span class='ocrx_word' id='word_1_197' title='bbox 832 1941 1315 2020; x_wconf 80' lang='lat' dir='ltr'><strong>assumptionem</strong></span> <span class='ocrx_word' id='word_1_198' title='bbox 1338 1935 1752 2018; x_wconf 83' lang='lat' dir='ltr'><strong>Coadjutoris</strong></span> <span class='ocrx_word' id='word_1_199' title='bbox 1779 1941 2133 2007; x_wconf 82' lang='lat' dir='ltr'><strong>excidunt?</strong></span> <span class='ocrx_word' id='word_1_200' title='bbox 2153 1942 2448 2026; x_wconf 81' lang='lat' dir='ltr'><strong>nunquid</strong></span> <span class='ocrx_word' id='word_1_201' title='bbox 2472 1944 2607 2010; x_wconf 84' lang='lat' dir='ltr'><strong>hoc</strong></span> 
     </span>
     <span class='ocr_line' id='line_1_23' title="bbox 223 2020 2607 2108; baseline 0.003 -22"><span class='ocrx_word' id='word_1_202' title='bbox 223 2021 425 2087; x_wconf 88' lang='lat' dir='ltr'><strong>modo</strong></span> <span class='ocrx_word' id='word_1_203' title='bbox 455 2024 643 2089; x_wconf 78' lang='lat' dir='ltr'><strong>facile</strong></span> <span class='ocrx_word' id='word_1_204' title='bbox 674 2020 827 2086; x_wconf 90' lang='lat' dir='ltr'><strong>elidi</strong></span> <span class='ocrx_word' id='word_1_205' title='bbox 866 2025 1124 2103; x_wconf 85' lang='lat' dir='ltr'><strong>poffunt</strong></span> <span class='ocrx_word' id='word_1_206' title='bbox 1150 2025 1376 2088; x_wconf 81' lang='lat' dir='ltr'><strong>multae</strong></span> <span class='ocrx_word' id='word_1_207' title='bbox 1410 2021 1764 2087; x_wconf 71' lang='lat' dir='ltr'><strong>elestiones</strong></span> <span class='ocrx_word' id='word_1_208' title='bbox 1797 2028 1822 2088; x_wconf 71' lang='lat'>3</span> <span class='ocrx_word' id='word_1_209' title='bbox 1868 2023 2160 2108; x_wconf 87' lang='lat' dir='ltr'><strong>nunquid</strong></span> <span class='ocrx_word' id='word_1_210' title='bbox 2190 2026 2497 2090; x_wconf 82' lang='lat' dir='ltr'><strong>Pontifex</strong></span> <span class='ocrx_word' id='word_1_211' title='bbox 2537 2029 2607 2094; x_wconf 86' lang='lat' dir='ltr'><strong>in</strong></span> 
     </span>
     <span class='ocr_line' id='line_1_24' title="bbox 222 2092 2609 2190; baseline 0.004 -22"><span class='ocrx_word' id='word_1_212' title='bbox 222 2092 632 2170; x_wconf 52' lang='lat' dir='ltr'><strong>concordatis</strong></span> <span class='ocrx_word' id='word_1_213' title='bbox 654 2105 1024 2170; x_wconf 76' lang='lat' dir='ltr'><strong>Germanice</strong></span> <span class='ocrx_word' id='word_1_214' title='bbox 1063 2103 1513 2169; x_wconf 80' lang='lat' dir='ltr'><strong>solemnissime</strong></span> <span class='ocrx_word' id='word_1_215' title='bbox 1547 2104 1876 2186; x_wconf 85' lang='lat' dir='ltr'><strong>stipulatus</strong></span> <span class='ocrx_word' id='word_1_216' title='bbox 1904 2105 2066 2185; x_wconf 77' lang='lat' dir='ltr'><strong>fuit,</strong></span> <span class='ocrx_word' id='word_1_217' title='bbox 2105 2107 2286 2190; x_wconf 89' lang='lat' dir='ltr'><strong>quod</strong></span> <span class='ocrx_word' id='word_1_218' title='bbox 2314 2128 2431 2190; x_wconf 88' lang='lat' dir='ltr'><strong>per</strong></span> <span class='ocrx_word' id='word_1_219' title='bbox 2462 2117 2609 2179; x_wconf 89' lang='lat' dir='ltr'><strong>nul-</strong></span> 
     </span>
     <span class='ocr_line' id='line_1_25' title="bbox 222 2186 2611 2270; baseline 0.003 -20"><span class='ocrx_word' id='word_1_220' title='bbox 222 2190 350 2250; x_wconf 87' lang='lat' dir='ltr'><strong>lam</strong></span> <span class='ocrx_word' id='word_1_221' title='bbox 381 2187 916 2264; x_wconf 79' lang='lat' dir='ltr'><strong>reservationem,</strong></span> <span class='ocrx_word' id='word_1_222' title='bbox 942 2190 1053 2250; x_wconf 87' lang='lat' dir='ltr'><strong>vel</strong></span> <span class='ocrx_word' id='word_1_223' title='bbox 1079 2189 1337 2270; x_wconf 82' lang='lat' dir='ltr'><strong>gratiam</strong></span> <span class='ocrx_word' id='word_1_224' title='bbox 1358 2186 1849 2268; x_wconf 63' lang='lat' dir='ltr'><strong>exspeetativam</strong></span> <span class='ocrx_word' id='word_1_225' title='bbox 1887 2189 1950 2254; x_wconf 88' lang='lat'>&amp;</span> <span class='ocrx_word' id='word_1_226' title='bbox 1981 2188 2462 2270; x_wconf 81' lang='lat' dir='ltr'><strong>dispositionem</strong></span> <span class='ocrx_word' id='word_1_227' title='bbox 2486 2195 2611 2262; x_wconf 86' lang='lat' dir='ltr'><strong>sub</strong></span> 
     </span>
     <span class='ocr_line' id='line_1_26' title="bbox 199 2266 2616 2353; baseline 0.005 -22"><span class='ocrx_word' id='word_1_228' title='bbox 199 2266 215 2278; x_wconf 82' lang='lat'><em>&#39;</em></span> <span class='ocrx_word' id='word_1_229' title='bbox 268 2287 614 2352; x_wconf 86' lang='lat' dir='ltr'><strong>uacunque</strong></span> <span class='ocrx_word' id='word_1_230' title='bbox 637 2268 989 2331; x_wconf 82' lang='lat' dir='ltr'><strong>verborum</strong></span> <span class='ocrx_word' id='word_1_231' title='bbox 1018 2267 1227 2332; x_wconf 86' lang='lat' dir='ltr'><strong>forma</strong></span> <span class='ocrx_word' id='word_1_232' title='bbox 1251 2288 1367 2349; x_wconf 89' lang='lat' dir='ltr'><strong>per</strong></span> <span class='ocrx_word' id='word_1_233' title='bbox 1382 2271 1444 2332; x_wconf 92' lang='lat' dir='ltr'><strong>se</strong></span> <span class='ocrx_word' id='word_1_234' title='bbox 1461 2309 1483 2347; x_wconf 74' lang='lat'>³</span> <span class='ocrx_word' id='word_1_235' title='bbox 1515 2270 1626 2334; x_wconf 89' lang='lat' dir='ltr'><strong>vel</strong></span> <span class='ocrx_word' id='word_1_236' title='bbox 1651 2271 2042 2335; x_wconf 87' lang='lat' dir='ltr'><strong>authoritate</strong></span> <span class='ocrx_word' id='word_1_237' title='bbox 2071 2272 2179 2336; x_wconf 86' lang='lat' dir='ltr'><strong>sua</strong></span> <span class='ocrx_word' id='word_1_238' title='bbox 2204 2273 2433 2340; x_wconf 52' lang='lat' dir='ltr'><strong>saetam</strong></span> <span class='ocrx_word' id='word_1_239' title='bbox 2449 2315 2473 2353; x_wconf 59' lang='lat'>2</span> <span class='ocrx_word' id='word_1_240' title='bbox 2494 2282 2616 2343; x_wconf 81' lang='lat' dir='ltr'><strong>vel-</strong></span> 
     </span>
     <span class='ocr_line' id='line_1_27' title="bbox 258 2347 2607 2434; baseline 0.005 -22"><span class='ocrx_word' id='word_1_241' title='bbox 258 2347 583 2413; x_wconf 85' lang='lat' dir='ltr'><strong>aciendam</strong></span> <span class='ocrx_word' id='word_1_242' title='bbox 627 2348 721 2413; x_wconf 82' lang='lat' dir='ltr'><strong>‘us</strong></span> <span class='ocrx_word' id='word_1_243' title='bbox 747 2348 1084 2413; x_wconf 67' lang='lat' dir='ltr'><strong>electionis</strong></span> <span class='ocrx_word' id='word_1_244' title='bbox 1120 2350 1399 2417; x_wconf 89' lang='lat' dir='ltr'><strong>liberum</strong></span> <span class='ocrx_word' id='word_1_245' title='bbox 1435 2351 1596 2415; x_wconf 86' lang='lat' dir='ltr'><strong>velit</strong></span> <span class='ocrx_word' id='word_1_246' title='bbox 1631 2351 1984 2433; x_wconf 69' lang='lat' dir='ltr'><strong>impedire,</strong></span> <span class='ocrx_word' id='word_1_247' title='bbox 2013 2355 2315 2434; x_wconf 71' lang='lat' dir='ltr'><strong>turbare,</strong></span> <span class='ocrx_word' id='word_1_248' title='bbox 2349 2358 2607 2423; x_wconf 88' lang='lat' dir='ltr'><strong>restrin-</strong></span> 
     </span>
     <span class='ocr_line' id='line_1_28' title="bbox 270 2369 2606 2533; baseline 0.004 -36"><span class='ocrx_word' id='word_1_249' title='bbox 270 2451 379 2497; x_wconf 86' lang='lat' dir='ltr'><strong>ere</strong></span> <span class='ocrx_word' id='word_1_250' title='bbox 409 2454 425 2495; x_wconf 75' lang='lat' dir='ltr'><em>z</em></span> <span class='ocrx_word' id='word_1_251' title='bbox 471 2369 642 2516; x_wconf 45' lang='lat' dir='ltr'><strong>quid,</strong></span> <span class='ocrx_word' id='word_1_252' title='bbox 668 2444 880 2495; x_wconf 88' lang='lat' dir='ltr'><strong>autem</strong></span> <span class='ocrx_word' id='word_1_253' title='bbox 915 2431 979 2493; x_wconf 91' lang='lat' dir='ltr'><strong>in</strong></span> <span class='ocrx_word' id='word_1_254' title='bbox 1019 2428 1263 2497; x_wconf 71' lang='lat' dir='ltr'><strong>effestu</strong></span> <span class='ocrx_word' id='word_1_255' title='bbox 1296 2433 1470 2497; x_wconf 87' lang='lat' dir='ltr'><strong>foret</strong></span> <span class='ocrx_word' id='word_1_256' title='bbox 1514 2434 1654 2498; x_wconf 87' lang='lat' dir='ltr'><strong>talis</strong></span> <span class='ocrx_word' id='word_1_257' title='bbox 1691 2435 2027 2514; x_wconf 80' lang='lat' dir='ltr'><strong>ass&#39;umptio</strong></span> <span class='ocrx_word' id='word_1_258' title='bbox 2050 2475 2073 2514; x_wconf 66' lang='lat'>2</span> <span class='ocrx_word' id='word_1_259' title='bbox 2115 2438 2230 2501; x_wconf 78' lang='lat' dir='ltr'><strong>nisi</strong></span> <span class='ocrx_word' id='word_1_260' title='bbox 2268 2440 2460 2533; x_wconf 84' lang='lat' dir='ltr'><strong>gratia</strong></span> <span class='ocrx_word' id='word_1_261' title='bbox 2498 2464 2606 2506; x_wconf 81' lang='lat' dir='ltr'><strong>ex-</strong></span> 
     </span>
     <span class='ocr_line' id='line_1_29' title="bbox 222 2453 2606 2602; baseline 0.001 -22"><span class='ocrx_word' id='word_1_262' title='bbox 222 2453 612 2596; x_wconf 56' lang='lat' dir='ltr'><strong>rgpestativss</strong></span> <span class='ocrx_word' id='word_1_263' title='bbox 651 2513 829 2578; x_wconf 91' lang='lat' dir='ltr'><strong>Dein</strong></span> <span class='ocrx_word' id='word_1_264' title='bbox 857 2530 992 2576; x_wconf 88' lang='lat' dir='ltr'><strong>non</strong></span> <span class='ocrx_word' id='word_1_265' title='bbox 1027 2515 1240 2595; x_wconf 90' lang='lat' dir='ltr'><strong>potest</strong></span> <span class='ocrx_word' id='word_1_266' title='bbox 1264 2516 1623 2599; x_wconf 84' lang='lat' dir='ltr'><strong>Episcopus</strong></span> <span class='ocrx_word' id='word_1_267' title='bbox 1651 2516 1782 2580; x_wconf 87' lang='lat' dir='ltr'><strong>fine</strong></span> <span class='ocrx_word' id='word_1_268' title='bbox 1808 2517 2124 2584; x_wconf 87' lang='lat' dir='ltr'><strong>consensu</strong></span> <span class='ocrx_word' id='word_1_269' title='bbox 2163 2524 2425 2602; x_wconf 82' lang='lat' dir='ltr'><strong>capituli</strong></span> <span class='ocrx_word' id='word_1_270' title='bbox 2457 2526 2606 2590; x_wconf 77' lang='lat' dir='ltr'><strong>resi.-</strong></span> 
     </span>
     <span class='ocr_line' id='line_1_30' title="bbox 227 2596 2606 2691; baseline 0.006 -32"><span class='ocrx_word' id='word_1_271' title='bbox 227 2615 459 2691; x_wconf 77' lang='lat' dir='ltr'><strong>gnare,</strong></span> <span class='ocrx_word' id='word_1_272' title='bbox 501 2596 612 2659; x_wconf 88' lang='lat' dir='ltr'><strong>vel</strong></span> <span class='ocrx_word' id='word_1_273' title='bbox 647 2597 1054 2677; x_wconf 77' lang='lat' dir='ltr'><strong>permutare:</strong></span> <span class='ocrx_word' id='word_1_274' title='bbox 1099 2615 1255 2682; x_wconf 88' lang='lat' dir='ltr'><strong>ergo</strong></span> <span class='ocrx_word' id='word_1_275' title='bbox 1292 2618 1506 2681; x_wconf 90' lang='lat' dir='ltr'><strong>neque</strong></span> <span class='ocrx_word' id='word_1_276' title='bbox 1546 2598 2013 2679; x_wconf 87' lang='lat' dir='ltr'><strong>Coadjutorem</strong></span> <span class='ocrx_word' id='word_1_277' title='bbox 2051 2603 2399 2668; x_wconf 76' lang='lat' dir='ltr'><strong>assumere:</strong></span> <span class='ocrx_word' id='word_1_278' title='bbox 2438 2611 2520 2672; x_wconf 82' lang='lat' dir='ltr'><strong>Et</strong></span> <span class='ocrx_word' id='word_1_279' title='bbox 2559 2610 2606 2673; x_wconf 82' lang='lat' dir='ltr'><strong>fi</strong></span> 
     </span>
     <span class='ocr_line' id='line_1_31' title="bbox 222 2676 2606 2770; baseline 0.006 -30"><span class='ocrx_word' id='word_1_280' title='bbox 222 2688 405 2759; x_wconf 70' lang='lat' dir='ltr'><strong>Juxta</strong></span> <span class='ocrx_word' id='word_1_281' title='bbox 424 2697 559 2759; x_wconf 81' lang='lat' dir='ltr'><strong>cap.</strong></span> <span class='ocrx_word' id='word_1_282' title='bbox 588 2693 688 2759; x_wconf 82' lang='lat'><strong>23.</strong></span> <span class='ocrx_word' id='word_1_283' title='bbox 705 2676 787 2742; x_wconf 90' lang='lat' dir='ltr'><strong>de</strong></span> <span class='ocrx_word' id='word_1_284' title='bbox 803 2678 1015 2744; x_wconf 83' lang='lat' dir='ltr'><strong>Praeb.</strong></span> <span class='ocrx_word' id='word_1_285' title='bbox 1050 2680 1117 2743; x_wconf 90' lang='lat' dir='ltr'><strong>in</strong></span> <span class='ocrx_word' id='word_1_286' title='bbox 1142 2682 1200 2747; x_wconf 93' lang='lat'><strong>6.</strong></span> <span class='ocrx_word' id='word_1_287' title='bbox 1226 2682 1291 2744; x_wconf 90' lang='lat' dir='ltr'><strong>in</strong></span> <span class='ocrx_word' id='word_1_288' title='bbox 1320 2679 1719 2760; x_wconf 91' lang='lat' dir='ltr'><strong>susceptione</strong></span> <span class='ocrx_word' id='word_1_289' title='bbox 1741 2684 2052 2749; x_wconf 86' lang='lat' dir='ltr'><strong>Canonici</strong></span> <span class='ocrx_word' id='word_1_290' title='bbox 2078 2687 2430 2770; x_wconf 86' lang='lat' dir='ltr'><strong>requiritur</strong></span> <span class='ocrx_word' id='word_1_291' title='bbox 2447 2711 2606 2756; x_wconf 90' lang='lat' dir='ltr'><strong>con-</strong></span> 
     </span>
     <span class='ocr_line' id='line_1_32' title="bbox 229 2757 2610 2851; baseline 0.006 -26"><span class='ocrx_word' id='word_1_292' title='bbox 229 2759 442 2825; x_wconf 86' lang='lat' dir='ltr'><strong>sensus</strong></span> <span class='ocrx_word' id='word_1_293' title='bbox 469 2757 790 2841; x_wconf 76' lang='lat' dir='ltr'><strong>Capituli,</strong></span> <span class='ocrx_word' id='word_1_294' title='bbox 809 2778 930 2826; x_wconf 87' lang='lat' dir='ltr'><strong>cur</strong></span> <span class='ocrx_word' id='word_1_295' title='bbox 956 2780 1091 2824; x_wconf 91' lang='lat' dir='ltr'><strong>non</strong></span> <span class='ocrx_word' id='word_1_296' title='bbox 1116 2764 1182 2827; x_wconf 92' lang='lat' dir='ltr'><strong>in</strong></span> <span class='ocrx_word' id='word_1_297' title='bbox 1211 2763 1630 2845; x_wconf 71' lang='lat' dir='ltr'><strong>assumptione</strong></span> <span class='ocrx_word' id='word_1_298' title='bbox 1662 2766 1954 2844; x_wconf 73' lang='lat' dir='ltr'><strong>Praelati,</strong></span> <span class='ocrx_word' id='word_1_299' title='bbox 1987 2769 2167 2851; x_wconf 90' lang='lat' dir='ltr'><strong>quod</strong></span> <span class='ocrx_word' id='word_1_300' title='bbox 2185 2770 2385 2849; x_wconf 86' lang='lat' dir='ltr'><strong>pluris</strong></span> <span class='ocrx_word' id='word_1_301' title='bbox 2412 2771 2610 2839; x_wconf 82' lang='lat' dir='ltr'><strong>inter-</strong></span> 
     </span>
     <span class='ocr_line' id='line_1_33' title="bbox 230 2841 2611 2939; baseline 0.005 -32"><span class='ocrx_word' id='word_1_302' title='bbox 230 2841 309 2908; x_wconf 81' lang='lat' dir='ltr'><strong>fit</strong></span> <span class='ocrx_word' id='word_1_303' title='bbox 346 2841 672 2923; x_wconf 73' lang='lat' dir='ltr'><strong>Capituli,</strong></span> <span class='ocrx_word' id='word_1_304' title='bbox 755 2843 901 2907; x_wconf 86' lang='lat' dir='ltr'><strong>uale</strong></span> <span class='ocrx_word' id='word_1_305' title='bbox 945 2842 1169 2910; x_wconf 89' lang='lat' dir='ltr'><strong>habeat</strong></span> <span class='ocrx_word' id='word_1_306' title='bbox 1210 2857 1442 2928; x_wconf 74' lang='lat' dir='ltr'><strong>caput,</strong></span> <span class='ocrx_word' id='word_1_307' title='bbox 1495 2866 1684 2931; x_wconf 90' lang='lat' dir='ltr'><strong>quam</strong></span> <span class='ocrx_word' id='word_1_308' title='bbox 1726 2849 2137 2914; x_wconf 68' lang='lat' dir='ltr'><strong>membrum?</strong></span> <span class='ocrx_word' id='word_1_309' title='bbox 2189 2855 2328 2917; x_wconf 86' lang='lat' dir='ltr'><strong>Nec</strong></span> <span class='ocrx_word' id='word_1_310' title='bbox 2377 2856 2556 2924; x_wconf 85' lang='lat' dir='ltr'><strong>obest</strong></span> <span class='ocrx_word' id='word_1_311' title='bbox 2581 2896 2611 2939; x_wconf 67' lang='lat'><strong>‚-</strong></span> 
     </span>
     <span class='ocr_line' id='line_1_34' title="bbox 231 2864 2608 3019; baseline 0.006 -31"><span class='ocrx_word' id='word_1_312' title='bbox 231 2923 414 3019; x_wconf 88' lang='lat' dir='ltr'><strong>quod</strong></span> <span class='ocrx_word' id='word_1_313' title='bbox 447 2864 1071 3020; x_wconf 65' lang='lat' dir='ltr'><strong>Conqil.qrnd.100.</strong></span> <span class='ocrx_word' id='word_1_314' title='bbox 1110 2930 1220 2995; x_wconf 91' lang='lat' dir='ltr'><strong>cit.</strong></span> <span class='ocrx_word' id='word_1_315' title='bbox 1256 2929 1451 2993; x_wconf 89' lang='lat' dir='ltr'><strong>solius</strong></span> <span class='ocrx_word' id='word_1_316' title='bbox 1481 2931 1686 2995; x_wconf 89' lang='lat' dir='ltr'><strong>causae</strong></span> <span class='ocrx_word' id='word_1_317' title='bbox 1709 2937 1742 2993; x_wconf 74' lang='lat' dir='ltr'><strong>a</strong></span> <span class='ocrx_word' id='word_1_318' title='bbox 1767 2931 2089 2996; x_wconf 87' lang='lat' dir='ltr'><strong>Pontifice</strong></span> <span class='ocrx_word' id='word_1_319' title='bbox 2116 2935 2396 3019; x_wconf 80' lang='lat' dir='ltr'><strong>cognitae</strong></span> <span class='ocrx_word' id='word_1_320' title='bbox 2428 2959 2608 3003; x_wconf 84' lang='lat' dir='ltr'><strong>men-</strong></span> 
     </span>
     <span class='ocr_line' id='line_1_35' title="bbox 232 3007 2603 3111; baseline 0.007 -40"><span class='ocrx_word' id='word_1_321' title='bbox 232 3019 484 3101; x_wconf 80' lang='lat' dir='ltr'><strong>tionem</strong></span> <span class='ocrx_word' id='word_1_322' title='bbox 515 3007 739 3086; x_wconf 75' lang='lat' dir='ltr'><strong>faciat,</strong></span> <span class='ocrx_word' id='word_1_323' title='bbox 775 3027 925 3102; x_wconf 75' lang='lat' dir='ltr'><strong>quia</strong></span> <span class='ocrx_word' id='word_1_324' title='bbox 958 3012 1257 3096; x_wconf 76' lang='lat' dir='ltr'><strong>synodus</strong></span> <span class='ocrx_word' id='word_1_325' title='bbox 1292 3031 1414 3076; x_wconf 90' lang='lat' dir='ltr'><strong>nec</strong></span> <span class='ocrx_word' id='word_1_326' title='bbox 1437 3013 1653 3078; x_wconf 88' lang='lat' dir='ltr'><strong>voluit</strong></span> <span class='ocrx_word' id='word_1_327' title='bbox 1673 3053 1695 3089; x_wconf 66' lang='lat' dir='ltr'><strong>a</strong></span> <span class='ocrx_word' id='word_1_328' title='bbox 1724 3033 1845 3077; x_wconf 91' lang='lat' dir='ltr'><strong>nec</strong></span> <span class='ocrx_word' id='word_1_329' title='bbox 1873 3016 2090 3094; x_wconf 88' lang='lat' dir='ltr'><strong>potuit</strong></span> <span class='ocrx_word' id='word_1_330' title='bbox 2117 3017 2603 3111; x_wconf 82' lang='lat' dir='ltr'><strong>derogareCon</strong></span> 
     </span>
     <span class='ocr_line' id='line_1_36' title="bbox 230 3087 2607 3187; baseline 0.006 -29"><span class='ocrx_word' id='word_1_331' title='bbox 230 3087 511 3158; x_wconf 82' lang='lat' dir='ltr'><strong>cordatis</strong></span> <span class='ocrx_word' id='word_1_332' title='bbox 540 3091 933 3169; x_wconf 76' lang='lat' dir='ltr'><strong>Germamae,</strong></span> <span class='ocrx_word' id='word_1_333' title='bbox 969 3112 1118 3176; x_wconf 88' lang='lat' dir='ltr'><strong>quae</strong></span> <span class='ocrx_word' id='word_1_334' title='bbox 1146 3096 1451 3176; x_wconf 87' lang='lat' dir='ltr'><strong>Capitulis</strong></span> <span class='ocrx_word' id='word_1_335' title='bbox 1481 3097 1584 3176; x_wconf 89' lang='lat' dir='ltr'><strong>jus</strong></span> <span class='ocrx_word' id='word_1_336' title='bbox 1616 3095 1889 3178; x_wconf 85' lang='lat' dir='ltr'><strong>eligendi</strong></span> <span class='ocrx_word' id='word_1_337' title='bbox 1915 3098 2160 3163; x_wconf 82' lang='lat' dir='ltr'><strong>salvum</strong></span> <span class='ocrx_word' id='word_1_338' title='bbox 2182 3105 2459 3187; x_wconf 78' lang='lat' dir='ltr'><strong>relinqui</strong></span> <span class='ocrx_word' id='word_1_339' title='bbox 2485 3131 2607 3172; x_wconf 79' lang='lat' dir='ltr'><strong>vo-</strong></span> 
     </span>
     <span class='ocr_line' id='line_1_37' title="bbox 231 3169 2607 3256; baseline 0.008 -19"><span class='ocrx_word' id='word_1_340' title='bbox 231 3174 432 3237; x_wconf 87' lang='lat' dir='ltr'><strong>lunt.-</strong></span> <span class='ocrx_word' id='word_1_341' title='bbox 479 3169 688 3256; x_wconf 78' lang='lat' dir='ltr'><strong>Quod</strong></span> <span class='ocrx_word' id='word_1_342' title='bbox 729 3170 779 3236; x_wconf 81' lang='lat' dir='ltr'><strong>fi</strong></span> <span class='ocrx_word' id='word_1_343' title='bbox 809 3169 1058 3240; x_wconf 87' lang='lat' dir='ltr'><strong>dicatur</strong></span> <span class='ocrx_word' id='word_1_344' title='bbox 1084 3178 1353 3242; x_wconf 86' lang='lat' dir='ltr'><strong>ulterius</strong></span> <span class='ocrx_word' id='word_1_345' title='bbox 1380 3215 1404 3255; x_wconf 60' lang='lat'>2</span> <span class='ocrx_word' id='word_1_346' title='bbox 1438 3181 1506 3244; x_wconf 89' lang='lat' dir='ltr'><strong>vi</strong></span> <span class='ocrx_word' id='word_1_347' title='bbox 1531 3178 2098 3245; x_wconf 84' lang='lat' dir='ltr'><strong>Concordatorum</strong></span> <span class='ocrx_word' id='word_1_348' title='bbox 2133 3185 2326 3249; x_wconf 88' lang='lat' dir='ltr'><strong>unice</strong></span> <span class='ocrx_word' id='word_1_349' title='bbox 2352 3188 2474 3251; x_wconf 86' lang='lat' dir='ltr'><strong>ess&#39;e</strong></span> <span class='ocrx_word' id='word_1_350' title='bbox 2504 3194 2607 3256; x_wconf 82' lang='lat' dir='ltr'><strong>ab-</strong></span> 
     </span>
     <span class='ocr_line' id='line_1_38' title="bbox 233 3256 2607 3354; baseline 0.007 -35"><span class='ocrx_word' id='word_1_351' title='bbox 233 3256 420 3319; x_wconf 87' lang='lat' dir='ltr'><strong>olitas</strong></span> <span class='ocrx_word' id='word_1_352' title='bbox 467 3257 831 3346; x_wconf 36' lang='lat' dir='ltr'><strong>refer-vationes</strong></span> <span class='ocrx_word' id='word_1_353' title='bbox 868 3258 1187 3348; x_wconf 44' lang='lat' dir='ltr'><strong>§pastelii-as</strong></span> <span class='ocrx_word' id='word_1_354' title='bbox 1247 3260 1483 3345; x_wconf 78' lang='lat' dir='ltr'><strong>regulis</strong></span> <span class='ocrx_word' id='word_1_355' title='bbox 1531 3262 1946 3337; x_wconf 79' lang='lat' dir='ltr'><strong>Cancellariae</strong></span> <span class='ocrx_word' id='word_1_356' title='bbox 2010 3265 2268 3334; x_wconf 87' lang='lat' dir='ltr'><strong>insertas</strong></span> <span class='ocrx_word' id='word_1_357' title='bbox 2299 3306 2322 3346; x_wconf 64' lang='lat'>2</span> <span class='ocrx_word' id='word_1_358' title='bbox 2404 3292 2607 3354; x_wconf 81' lang='lat' dir='ltr'><strong>quum</strong></span> 
     </span>
     <span class='ocr_line' id='line_1_39' title="bbox 230 3333 2610 3490; baseline 0.008 -87"><span class='ocrx_word' id='word_1_359' title='bbox 230 3350 445 3403; x_wconf 84' lang='lat' dir='ltr'><strong>tamen</strong></span> <span class='ocrx_word' id='word_1_360' title='bbox 469 3333 643 3400; x_wconf 78' lang='lat' dir='ltr'><strong>datio</strong></span> <span class='ocrx_word' id='word_1_361' title='bbox 682 3334 1091 3418; x_wconf 67' lang='lat' dir='ltr'><strong>Coadjutoris</strong></span> <span class='ocrx_word' id='word_1_362' title='bbox 1108 3340 1238 3424; x_wconf 88' lang='lat' dir='ltr'><strong>jam</strong></span> <span class='ocrx_word' id='word_1_363' title='bbox 1259 3341 1510 3490; x_wconf 44' lang='lat' dir='ltr'><strong>prissm</strong></span> <span class='ocrx_word' id='word_1_364' title='bbox 1547 3357 1727 3411; x_wconf 79' lang='lat' dir='ltr'><strong>antea</strong></span> <span class='ocrx_word' id='word_1_365' title='bbox 1762 3343 1835 3411; x_wconf 75' lang='lat' dir='ltr'><strong>ad</strong></span> <span class='ocrx_word' id='word_1_366' title='bbox 1863 3344 2249 3418; x_wconf 84' lang='lat' dir='ltr'><strong>Pontificem</strong></span> <span class='ocrx_word' id='word_1_367' title='bbox 2281 3355 2610 3432; x_wconf 69' lang='lat' dir='ltr'><strong>pertinue-</strong></span> 
     </span>
     <span class='ocr_line' id='line_1_40' title="bbox 2458 3459 2486 3492; baseline 0 0"><span class='ocrx_word' id='word_1_368' title='bbox 2458 3459 2486 3492; x_wconf 76' lang='lat'><strong>&#39;1</strong></span> 
     </span>
     <span class='ocr_line' id='line_1_41' title="bbox 239 3451 2521 3571; baseline 0.002 -17"><span class='ocrx_word' id='word_1_369' title='bbox 239 3501 318 3569; x_wconf 79' lang='lat' dir='ltr'><strong>(a)</strong></span> <span class='ocrx_word' id='word_1_370' title='bbox 351 3501 451 3555; x_wconf 68' lang='lat' dir='ltr'><strong>ses.</strong></span> <span class='ocrx_word' id='word_1_371' title='bbox 474 3517 560 3566; x_wconf 78' lang='lat'><strong>²4·</strong></span> <span class='ocrx_word' id='word_1_372' title='bbox 582 3500 637 3554; x_wconf 81' lang='lat' dir='ltr'><strong>de</strong></span> <span class='ocrx_word' id='word_1_373' title='bbox 654 3499 854 3557; x_wconf 74' lang='lat' dir='ltr'><strong>Reform.</strong></span> <span class='ocrx_word' id='word_1_374' title='bbox 867 3518 968 3571; x_wconf 74' lang='lat' dir='ltr'><strong>cap.</strong></span> <span class='ocrx_word' id='word_1_375' title='bbox 987 3520 1039 3569; x_wconf 88' lang='lat'><strong>7.</strong></span> <span class='ocrx_word' id='word_1_376' title='bbox 2439 3451 2521 3502; x_wconf 34' lang='grc' dir='ltr'><strong>Ιχ</strong></span> 
     </span>
    </p>
   </div>
  </div>
 </body>
</html>
