2970 3918
1063 168 1390 249 &Statu
1417 167 1714 263 Ecctessa
1767 169 1804 222 *2
2557 195 2652 272 ,9

254 312 652 396 scribendam
676 324 1103 408 jus.natura1e
1129 362 1154 401 9
1198 323 1492 388 divinum
1516 361 1540 399 9
1579 336 1653 384 ac
1689 318 2040 412 numan-um
2082 307 2363 411 clamitat
2398 360 2422 398 ,
2459 322 2646 401 jubet

254 416 316 481 δι
345 414 649 494 imperat9
677 403 790 472 sed
817 424 973 470 cum
1011 403 1459 486 fimpliciffima
1498 401 1862 470 direfhone
1902 417 1971 463 ln
2001 398 2357 466 Pontifices
2390 403 2453 469 &
2496 407 2649 487 Epi-

255 498 488 577 scopos
517 485 931 558 transfuderit
966 526 991 564 9
1022 505 1412 572 quamquam
1445 487 1660 571 negari
1699 496 2016 629 nepueat9
2052 481 2236 567 quod
2269 494 2397 549 tam
2422 491 2650 554 Ponti-

253 580 410 642 fices
437 619 460 655 9
505 591 698 659 quam
735 567 1040 649 Episcopi
1073 569 1246 632 varia
1281 569 1426 648 jura
1462 589 1599 633 non
1635 568 1750 631 nisi
1816 585 2048 631 ummls
2086 570 2550 648 Imperantibus
2582 576 2649 637 in

258 664 441 725 Statu
483 651 899 735 R‘eipublicae
932 649 1191 732 propria
1221 651 1671 731 usurpaverint
1690 648 1843 728 9s1bi
1876 649 2315 733 arrogaverint
2331 692 2352 731 9
2388 653 2451 718 δι
2470 675 2654 722 exer.

254 741 533 807 cuerint.
618 734 968 818 Postquam
1006 745 1221 795 autem
1265 732 1557 798 Ecclesia
1590 734 1751 797 Saec.
1771 753 1831 807 4.
1872 732 2287 812 Reipublicae
2328 738 2675 806 Ro-manae

248 824 375 888 fuit
410 819 643 885 inserta
665 857 690 897 9
731 818 1165 896 Imperatores
1194 833 1331 883 non
1367 827 1616 878 tantum
1672 813 2037 878 Orientales
2059 855 2085 894 9
2123 816 2234 879 sed
2282 819 2474 885 etiam
2513 824 2649 889 Re„

253 924 364 992 ges
399 901 694 970 Francici
713 940 736 979 9
766 918 842 963 ac
863 895 1085 977 postea
1103 899 1531 978 Imperatores
1560 896 1930 962 Germanici
1957 916 2094 961 non
2128 898 2333 964 modo
2367 902 2474 967 sua
2499 913 2649 986 Jura

253 989 588 1068 Majcstatica
612 1025 638 1063 9
695 981 906 1067 qualia
942 999 1025 1043 ex
1061 993 1279 1043 mente
1342 978 1541 1041 nostri
1577 978 1864 1042 authoris
1899 978 2044 1044 sunt
2078 983 2407 1048 concessio
2459 987 2649 1054 liberi

248 1067 542 1136 exercitii
566 1064 933 1149 Religionis
964 1102 988 1141 9
1021 1061 1436 1126 confirmatio
1469 1060 1946 1153 Episcoporum
1977 1102 1999 1140 9
2038 1069 2436 1131 convocatio
2468 1072 2648 1134 Con-
2690 1068 2692 1070 ’

248 1156 556 1219 ciliorum
581 1190 625 1229 9.
657 1147 1042 1213 exercitium
1075 1144 1239 1225 juris
1286 1143 1681 1208 Advocatiae
1707 1144 1830 1208 δῖε.
1868 1161 2060 1225 quam
2102 1148 2427 1216 liberrime
2463 1171 2648 1217 exer-

249 1245 532 1303 cuerunt
565 1273 590 1311 9
618 1250 851 1296 verum
889 1228 1083 1292 etiam
1116 1258 1118 1261 ·
1162 1227 1589 1315 uamplurima
1633 1228 1795 1308 Jura
1834 1228 2129 1319 Collegialia
2165 1233 2563 1301 connivente
2585 1237 2651 1303 δε

249 1339 391 1386 non
417 1312 912 1382 contradicente
934 1313 1136 1378 Eccle
1163 1332 1222 1374 ia
1266 1310 1344 1374 ad
1381 1311 1445 1375 se
1464 1317 1888 1376 attraxerunt.·
1918 1307 2446 1381 Diffimulaverat
2469 1338 2650 1384 nem·-

247 1423 333 1485 pe
365 1397 653 1464 Ecclesia
675 1392 1131 1478 hujuscemodi
1158 1394 1386 1458 abusus
1421 1394 1487 1459 &
1517 1391 1964 1474 usurpationes
1994 1432 2018 1471 9
2048 1412 2132 1458 eo
2163 1397 2345 1480 quod
2385 1400 2447 1465 &
2472 1404 2647 1465 Pon-

247 1485 459 1550 tifices
486 1481 549 1546 &
574 1479 878 1562 Episcopi
900 1480 1033 1544 hoc
1068 1476 1279 1556 ipsum
1316 1475 1771 1541 attentaverint
1801 1515 1826 1554 9
1872 1474 1935 1539 &
1966 1488 2216 1542 coetum
2257 1480 2646 1549 Christiano-

246 1587 398 1632 rum
427 1563 624 1646 pleris
670 1582 757 1627 ue
785 1561 911 1625 suis
928 1558 1182 1641 juribus
1200 1599 1226 1637 9
1256 1559 1467 1652 qualia
1495 1569 1674 1624 erant
1696 1557 1801 1638 jus
1829 1557 2109 1652 eligendi
2125 1562 2483 1646 Episcopos
2502 1608 2526 1646 9
2554 1568 2650 1632 in·

246 1644 588 1715 teressendi
626 1586 941 1715 {uncinis
967 1682 994 1721 9
1053 1653 1397 1706 exuerint.-
1488 1643 1717 1726 Atque
1759 1642 1891 1705 hoc
1925 1642 2131 1723 lpsum
2177 1643 2270 1709 est
2306 1690 2330 1728 9
2381 1667 2463 1712 ex
2510 1664 2646 1734 quo

246 1745 351 1798 tot
375 1727 752 1817 graviffimae
777 1747 912 1792 non
940 1725 1075 1789 sme
1099 1723 1392 1789 scandalo
1423 1725 1486 1790 &
1515 1723 1768 1787 summo
1789 1722 2223 1792 Ecclefiar-um
2256 1730 2646 1811 praejudicio

248 1818 418 1881 inter
437 1809 801 1878 Pontifices
817 1851 842 1890 9
862 1806 1222 1888 Episcopos
1240 1847 1264 1885 9
1293 1808 1355 1872 &
1380 1812 1808 1887 Imperatores
1836 1826 1972 1870 non
1992 1824 2140 1872 raro
2162 1830 2280 1890 per
2303 1815 2490 1893 plura
2516 1818 2651 1881 Sae-

246 1901 396 1964 cula
416 1895 666 2040 agitsstae
686 1889 1158 1958 controverfiae
1187 1890 1363 1954 suam
1396 1900 1731 1952 traxerunt
1771 1888 2087 1975 originem
2112 1931 2137 1972 9
2178 1893 2410 1980 quibus
2447 1898 2647 1965 abun-

250 1981 406 2046 dant
435 1978 522 2042 Hi
581 1975 762 2041 oriae.
1080 2023 1083 2026 a
1138 1989 1145 1991 *

418 2062 787 2125 Duraverat
810 2056 955 2119 haec
980 2051 1292 2122 Ecclesiae
1335 2051 1663 2134 disciplina
1697 2051 1776 2117 ad
1806 2063 2101 2136 tempora
2144 2078 2355 2145 usque
2394 2064 2645 2133 Refor-

246 2142 589 2211 mationisr
621 2159 826 2226 quum
859 2155 1016 2202 ecce
1044 2141 1057 2198 !
1090 2136 1260 2200 inter
1289 2136 1494 2216 prima
1517 2134 2032 2204 Reformationis
2055 2141 2442 2210 incunabula
2455 2149 2537 2214 de
2559 2172 2645 2215 re-

287 2225 436 2289 undis
454 2225 640 2302 finibus
666 2223 1006 2307 agitatum,
1039 2218 1101 2283 δι
1129 2239 1256 2303 qua
1275 2232 1412 2284 arte
1431 2218 1577 2299 jura
1590 2221 2013 2286 controversa
2037 2221 2281 2305 dividi,
2309 2227 2372 2293 &
2402 2232 2645 2316 cuique

278 2326 440 2371 uum
477 2304 583 2385 jus
620 2304 880 2368 attribui
913 2300 1107 2382 poffit
1138 2340 1164 2378 9
1205 2300 1654 2367 deliberatum.
1775 2305 2028 2370 Placuit
2065 2306 2330 2374 demum
2372 2311 2439 2374 in
2465 2317 2646 2382 ‘Pace

249 2386 686 2469 VVestphalica
710 2426 734 2464 9
759 2401 837 2450 ut
860 2382 1266 2463 Principibus
1290 2383 1700 2448 saecularibus
1725 2392 1835 2469 Jus
1861 2391 2080 2466 insacra
2095 2401 2126 2468 '9
2166 2390 2321 2455 item
2358 2399 2646 2477 reforman-

247 2476 305 2536 di
334 2490 489 2535 cum
517 2470 817 2537 omnibus
844 2467 969 2531 suis
1008 2467 1267 2529 annexis
1306 2464 1559 2546 juribus
1588 2469 1777 2531 velut
1817 2469 2136 2551 appendix
2167 2472 2508 2541 cohaerens
2545 2487 2641 2543 Su-

243 2558 545 2638 perioritati
572 2553 897 2615 smitoriali
929 2548 1410 2613 concederetur
1431 2548 1615 2616 salvis
1647 2562 1861 2615 tamen
1898 2554 2125 2639 Juribus
2155 2557 2511 2643 Collegialibus
2545 2563 2648 2642 ip->

161 2655 170 2660 ’
249 2636 374 2701 sius
401 2631 712 2700 Ecclesiae
734 2673 759 2712 9
795 2649 946 2718 quae
968 2630 1139 2712 apud
1156 2642 1404 2696 coetum
1431 2633 1906 2714 remanserunt9
1942 2635 2005 2709 &
2035 2655 2366 2701 remanere
2396 2638 2639 2710 debue-

248 2730 430 2795 runt9
451 2717 576 2781 nifi
600 2715 666 2780 in
689 2726 1001 2799 quantum
1027 2726 1239 2780 coetus
1269 2715 1400 2796 ipse
1426 2714 1724 2800 quaedam
1742 2722 1891 2804 Jura
1922 2719 2229 2806 Collegiah’a
2255 2725 2367 2786 vel
2387 2730 2640 2806 expres-

249 2803 315 2866 se
342 2841 367 2881 9
405 2803 516 2864 vel
542 2799 736 2863 tacite
762 2798 830 2862 in
853 2797 1182 2879 Principes
1207 2798 1566 2879 transtulit9
1590 2797 1656 2863 id
1680 2800 1862 2883 quod
1888 2799 2031 2881 ipfis
2060 2804 2466 2882 probandum
2492 2814 2635 2878 erit.

251 2884 317 2949 Si
346 2880 612 2969 quidem
635 2900 770 2945 non
793 2879 886 2945 est
918 2881 986 2946 in
1015 2880 1332 2963 potestate
1364 2882 1827 2963 Imperantium
1857 2897 1966 2947 aut
1992 2886 2357 2953 Reetorum
2379 2888 2446 2951 in
2473 2893 2656 2961 statu

252 2982 654 3113 quocunglue
696 2962 887 3028 etiam
923 2966 1192 3050 coniugali
1222 3011 1242 3039 ‚
1279 2964 1342 3029 &
1386 2967 1556 3028 Herili
1582 2964 1725 3045 jura
1762 2966 2157 3033 Societatum
2197 2988 2280 3033 ex
2329 2971 2454 3051 ipsa
2493 2981 2637 3065 lege

251 3062 496 3114 naturae
619 3045 955 3111 Societatis
983 3046 1252 3112 fluentia
1276 3086 1299 3126 9
1332 3046 1394 3112 &
1421 3047 1636 3112 eidem
1662 3049 2058 3115 cohaerentia
2083 3053 2342 3118 turbare
2364 3095 2388 3133 9
2435 3058 2635 3143 impe-

252 3133 392 3199 dire
424 3171 448 3210 9
492 3142 602 3194 aut
632 3148 754 3211 per
778 3127 1032 3210 injustas
1057 3129 1418 3195 invasiones
1445 3129 1729 3212 sibiipsis
1755 3140 2067 3218 arrogare.
2183 3139 2282 3202 Ex
2310 3138 2404 3201 his
2436 3143 2639 3213 infert

250 3209 539 3280 laudatus
571 3212 843 3291 author9
922 3210 1060 3298 uod
1086 3213 1441 3278 Pontifices
1470 3213 1532 3277 &
1556 3214 2019 3310 EpiscopiJura
2046 3217 2352 3309 Collegialia
2381 3231 2415 3287 a
2442 3231 2635 3308 plebe
2692 3259 2695 3262 >

251 3299 320 3365 in
355 3295 524 3378 ipsos
562 3298 668 3359 vel
696 3313 893 3377 expre
945 3316 981 3360 e
1011 3298 1123 3361 vel
1161 3297 1356 3361 tacite
1385 3299 1680 3360 translata
1707 3317 1886 3363 omm
1903 3298 2053 3379 jure
2093 3307 2541 3390 exercuerint-9
2572 3319 2634 3382 δε

250 3382 318 3447 in
359 3380 489 3444 hoc
516 3378 658 3443 solo
689 3377 1066 3446 excesserint
1091 3419 1116 3459 9
1150 3380 1333 3467 quod
1372 3376 1668 3461 quaedam
1701 3380 1762 3446 ὅτ
1789 3389 1936 3468 Jura
1975 3386 2306 3466 Majestatica
2346 3389 2407 3454 δι
2450 3401 2634 3479 Jura„

250 3464 556 3551 collegialia
582 3462 693 3528 fibi
725 3461 1179 3551 arrogaverint.
1252 3462 1527 3611 Sedffec
1557 3461 1726 3548 ipsos
1755 3466 2186 3560 Imperatores
2204 3473 2459 3541 excusat
2476 3517 2499 3556 9
2521 3499 2632 3543 eo·-

1469 3561 1511 3614 2
2043 3562 2045 3566 ⁴
2458 3580 2632 3630 rum*
