2970 3918
1081 130 1198 210 De
1226 126 1409 208 scaea
1441 67 1734 225 sceleste}
2504 152 2600 219 79

369 279 580 347 Aliud
605 300 672 346 ar
828 290 1052 349 entum
1075 298 1157 349 ex
1173 282 1311 366 ipso
1334 282 1600 350 nomine
1622 276 1933 347 Ecclesiae
1953 275 2384 362 depromunt,
2414 277 2599 363 quod

209 363 317 428 sua
346 366 596 453 origine
621 384 659 429 e
740 384 878 428 vox
903 366 1133 430 Graeca
1158 368 1235 430 ab
1261 367 1530 431 evocando
1568 363 1770 447 dieta,
1808 375 1884 430 ut
1910 362 2082 429 idem
2110 360 2266 428 effet
2295 381 2368 426 ac
2405 381 2597 454 epofa-

209 453 326 524 tio,
350 448 412 513 δε
439 448 600 512 nihil
628 445 802 511 aliud
826 443 1208 529 significaret
1240 467 1432 532 quam
1455 461 1861 514 conventum
1892 447 2144 529 populi.
2227 444 2393 512 Usus
2424 444 2601 517 illius

208 529 506 609 primitus
551 527 834 593 obtinuit
863 528 931 590 in
949 529 1391 596 Democratiis
1424 570 1449 610 ,
1498 532 1562 597 δε
1590 532 1919 613 praecipue
1950 529 2119 611 apud
2141 525 2600 607 Athenienses,

209 631 345 675 non
375 612 557 696 quod
596 630 716 691 per
747 611 923 672 illam
952 612 1116 686 status
1139 651 1163 689 2
1201 612 1310 676 sed
1355 615 1770 698 congregatio
1801 616 2032 695 populi
2064 632 2239 678 voce
2273 611 2601 693 praeconis

202 695 587 773 reipublicae
625 691 806 755 causa
830 694 1185 758 convocati
1218 693 1720 778 significaretur,
1760 707 2076 782 quatenus
2100 695 2376 761 faciliori
2398 713 2601 780 nego-

206 777 303 839 tio
342 776 411 838 in
445 775 753 839 similibus
790 775 1226 841 conventibus
1268 789 1398 843 tam
1428 777 1763 844 ordinariis
1780 820 1804 859 ³
1842 799 2032 867 quam
2078 776 2602 845 extraordinariis

206 860 465 942 negotia
486 857 746 939 publica
763 858 971 922 curari
994 860 1267 940 poss'ent.
1353 861 1516 925 Vox
1534 860 1679 928 haec
1698 861 2048 928 succeffive
2072 863 2151 928 ad
2180 881 2404 928 omnes
2434 880 2599 928 con-

202 954 443 1006 ventus
470 940 756 1022 plurium
788 940 1129 1006 hominurn
1151 941 1344 1005 etiam
1366 944 1845 1023 malignantium
1874 945 1999 1010 fuit
2028 950 2358 1024 translata,
2402 946 2464 1012 &
2483 942 2597 1010 de·-

205 1045 390 1090 mum
416 1025 493 1088 ad
525 1023 999 1110 significandam
1026 1023 1389 1089 universam
1426 1024 1724 1092 fidelium
1750 1028 2239 1093 multitudinem
2269 1031 2599 1110 ass'umpta.

198 1107 365 1174 Inde
396 1120 611 1173 autem
637 1106 796 1193 quid
829 1106 1157 1191 sequitur,
1196 1109 1311 1172 nisi
1381 1108 1519 1172 uod
1554 1110 1897 1191 scriptores
1928 1126 2176 1176 coetum
2207 1110 2596 1178 Christiano-

198 1212 348 1256 rum
372 1191 493 1256 hac
519 1209 694 1255 voce
723 1193 1113 1272 appellantes
1138 1190 1309 1254 firmi
1365 1211 1498 1255 nne
1523 1190 1639 1256 fibi
1664 1194 2028 1274 persuasum
2054 1194 2394 1259 habuerint
2411 1234 2437 1273 2
2464 1197 2596 1259 Ec·-

200 1274 458 1340 clesiam
503 1273 629 1338 ess'e
678 1272 1052 1338 societatem
1100 1273 1456 1355 simplicem
1477 1316 1500 1355 2
1548 1275 1728 1340 secus
1772 1276 1934 1340 hanc
1971 1297 2216 1342 vocem
2259 1296 2597 1363 nunquam

198 1355 628 1526 {adoptzffgngz
657 1356 722 1424 δι
749 1375 950 1443 quare
978 1359 1197 1423 nullus
1224 1358 1384 1424 alius
1409 1358 1604 1425 status
1642 1359 1918 1426 civitatis
1944 1358 2063 1446 hac
2093 1379 2266 1425 voce
2302 1361 2597 1444 compel-

226 1452 368 1506 atur
453 1462 487 1505 a
573 1493 588 1506 .
676 1451 678 1453 ’

359 1523 571 1590 Aliud
597 1525 795 1607 longe
818 1522 1268 1603 fortissimum,
1307 1524 1406 1588 uti
1432 1535 1696 1606 putant,
1728 1534 2176 1610 argumentum
2204 1544 2285 1588 ex
2324 1524 2450 1607 ipsa
2483 1544 2594 1590 na-

198 1619 343 1672 tura
361 1612 526 1687 status
554 1605 669 1672 seu
700 1610 934 1672 civitatis
967 1605 1428 1690 depromptum
1460 1609 1695 1673 mirum
1735 1608 1803 1672 in
1827 1610 2102 1674 modum
2134 1611 2429 1686 elevant,
2481 1629 2594 1673 ur·
2631 1689 2634 1693 ,

238 1704 348 1756 ent
394 1709 526 1755 ue:
573 1690 913 1774 Originem
939 1691 1151 1771 enim,
1195 1692 1309 1754 seu
1335 1692 1586 1757 causam
1606 1691 2044 1772 impulsivam,
2083 1690 2324 1770 finem,
2365 1692 2427 1759 &
2456 1711 2602 1756 me-

243 1776 302 1839 ia
323 1796 358 1838 a
427 1774 616 1839 illum
644 1771 1179 1858 consequendum
1211 1776 1583 1862 necessaria,
1623 1785 1961 1870 totamque
1998 1774 2383 1839 strusturam
2427 1773 2593 1839 civi-

194 1869 400 1924 tatum
439 1869 585 1922 ante
627 1858 861 1921 oculos
887 1875 1226 1938 ponamus,
1314 1858 1587 1942 Constat
1615 1878 1696 1920 ex
1723 1857 1946 1938 diEt1s9
1971 1855 2155 1952 quod
2182 1857 2593 1923 occasionem

194 1937 664 2008 constituendis
691 1938 1060 2003 civitatibus
1078 1938 1434 2020 praebuerit
1456 1939 1758 2019 ambitiO,
1781 1942 2040 2004 avaritia
2054 1981 2076 2018 a
2099 1959 2324 2004 rerum
2355 1939 2589 2006 haben·

197 2026 427 2091 darum
453 2020 739 2104 cupido,
779 2021 1086 2106 regnandi
1123 2020 1368 2102 libido,
1424 2036 1769 2118 metusque
1811 2023 1963 2089 inde
2006 2022 2074 2087 in
2111 2023 2332 2088 animis
2377 2022 2590 2087 homi-

188 2128 351 2176 num
381 2105 667 2172 causatus
690 2102 848 2169 {sed
873 2105 1016 2191 quis
1050 2102 1249 2184 dicet,
1290 2105 1473 2192 quod
1498 2106 1642 2171 haec
1665 2105 1793 2187 ipsa
1814 2108 1997 2172 causa
2022 2106 2268 2171 fuerint
2301 2105 2588 2188 impulsi-

183 2209 271 2259 va
290 2190 485 2258 status
504 2186 854 2255 Ecclesiae?
939 2188 1117 2253 Finis
1141 2187 1335 2255 status
1373 2190 1755 2271 reipublicae
1790 2191 2082 2273 politicae
2112 2189 2205 2255 est
2218 2192 2467 2272 securitas
2488 2203 2600 2274 pua

182 2276 324 2340 blica
341 2295 362 2338 ε
403 2290 639 2336 verum
659 2290 852 2356 quam
877 2272 1074 2356 longe
1097 2271 1256 2336 alius
1271 2271 1363 2336 est
1382 2272 1529 2338 finis
1555 2275 1940 2341 coeuntium
1963 2273 2033 2338 in
2056 2271 2384 2339 Ecclesia?
2427 2275 2594 2337 Pro-

189 2355 374 2422 festo
409 2373 548 2419 non
582 2353 786 2432 aliuS,
836 2373 1029 2439 quam
1066 2354 1226 2419 salus
1264 2355 1612 2434 Ecclesiae,
1653 2358 1715 2422 &
1753 2357 2052 2423 ultimato
2089 2355 2250 2420 salus
2293 2364 2539 2419 aeterna
2562 2395 2587 2434 2

192 2458 388 2526 quam
426 2450 605 2503 extra
631 2455 895 2511 omnem
918 2435 1327 2518 societatem>
1369 2449 1444 2502 ut
1476 2439 1658 2520 supra
1698 2437 1980 2519 dietum,
2021 2438 2098 2504 ab
2137 2437 2404 2504 homine
2436 2439 2588 2503 soli-

190 2523 358 2588 tario
387 2521 455 2584 in
485 2520 674 2584 terris
700 2519 1170 2599 remotiffimis,
1209 2521 1520 2586 &ultimo
1548 2521 1722 2587 orbis
1754 2526 1989 2607 angulo
2022 2520 2435 2586 delitescente
2468 2522 2588 2603 ob<

189 2603 386 2672 tineri
426 2603 603 2685 poss'e
636 2621 743 2667 res
771 2602 864 2666 est
903 2604 1265 2670 certiffima.
1352 2605 1567 2669 Media
1605 2617 1822 2672 autem
1855 2602 1937 2671 ad
1976 2606 2175 2670 finem
2203 2604 2593 2686 reipublicae*

187 2687 483 2772 politicae
505 2683 1039 2770 consequendum
1060 2686 1203 2752 sunt
1227 2707 1554 2754 annorum
1572 2691 2026 2773 praepotentia,
2050 2688 2356 2755 immensa
2381 2708 2586 2773 opum

104 2829 111 2837 .
189 2772 335 2851 νίς,
364 2770 746 2837 numerosus
781 2769 970 2834 miles
1001 2769 1122 2837 ὅτε.
1165 2790 1369 2852 porro
1408 2783 1622 2837 autem
1657 2775 1799 2859 quis
1841 2776 2130 2859 ignorat,
2180 2773 2325 2839 haec
2368 2772 2586 2839 omnia

192 2874 332 2921 non
354 2865 605 2919 tantum
632 2851 711 2918 ad
739 2852 1270 2938 consequendum
1304 2855 1480 2921 hunc
1506 2855 1707 2921 finem
1731 2877 1866 2922 non
1904 2859 2027 2923 effe
2056 2856 2431 2937 necessaria,
2474 2854 2584 2943 sed

190 2938 412 3023 potius
434 2935 632 3001 invia
658 2936 869 3000 salutis
894 2947 1163 3002 aeternae
1193 2938 1613 3020 impeclitiva?
1639 2941 1784 3006 alias
1819 2939 2104 3007 Christus
2131 2941 2259 3025 ipse
2280 2941 2426 3007 haec
2448 2960 2585 3005 me-

190 3022 295 3092 dia
327 3019 670 3086 ordinasset
689 3059 714 3098 ,
753 3039 835 3083 ne
868 3018 936 3086 in
958 3023 1312 3086 necessariis
1343 3024 1530 3087 nobis
1556 3022 1762 3089 deess'e
1781 3024 1989 3089 videri
2013 3026 2239 3106 posset.
2327 3026 2585 3092 Verum

193 3105 367 3170 enim
402 3123 568 3169 vero
595 3105 792 3188 longe
834 3102 1017 3170 aliter
1041 3106 1230 3192 egisse
1262 3106 1583 3171 Christum
1619 3127 1698 3173 ex
1728 3108 1915 3175 dietis
1947 3108 2232 3174 constat:
2274 3127 2411 3174 non
2451 3107 2583 3190 ipse

190 3186 562 3256 immensam
588 3207 791 3270 opum
818 3186 955 3252 vim
982 3202 1090 3254 aut
1114 3189 1381 3286 collegit
1399 3232 1421 3270 2
1453 3202 1562 3255 aut
1583 3192 1806 3278 colligi
1835 3198 1871 3258 a
1902 3193 2023 3256 suis
2046 3191 2352 3259 fidelibus
2370 3233 2393 3272 2
2424 3192 2593 3277 quin·

190 3271 413 3355 potius
456 3270 664 3336 libere
695 3271 1194 3354 pronunciavit,
1244 3273 1566 3339 difficilius
1606 3273 1877 3342 divitem
1925 3275 2162 3342 intrare
2204 3277 2272 3340 in
2307 3278 2582 3361 regnum

188 3357 555 3433 coelorum,
602 3374 794 3441 quam
824 3356 1140 3422 camelum
1164 3376 1284 3440 per
1316 3357 1611 3423 foramen
1647 3380 1833 3425 acus:
1865 3361 1998 3427 imo
2022 3359 2255 3441 juveni
2285 3378 2582 3445 quaeren-

189 3440 280 3522 ti,
317 3435 476 3525 quid
506 3436 621 3505 fibi
650 3437 803 3503 effet
829 3437 1194 3507 faciendum
1214 3483 1236 3525 2
1274 3454 1348 3508 ut
1382 3460 1655 3527 regnum
1683 3447 2010 3515 coelorum
2032 3445 2580 3531 consequeretur,

2398 3546 2498 3593 re·

189 3603 276 3675 (a)
309 3605 420 3663 vid.
441 3604 665 3670 Pnferum,
694 3605 740 3658 ἀ
763 3604 1012 3661 Bb'hmem
1027 3605 1084 3660 de
1098 3611 1199 3675 Jur.
1218 3609 1510 3679 Pmih.aeap·
1540 3629 1587 3663 ι.
1606 3620 1653 3669 5.
1679 3627 1730 3678 3.
