2970 3918
1074 179 1191 256 De
1218 179 1403 258 Statu
1432 178 1727 276 Ecclefiae.'
2506 182 2603 262 87

225 334 434 403 miffio
460 332 663 402 debiti
679 333 805 403 &c.
842 336 942 402 At
966 351 1131 399 vero
1154 335 1430 415 potestas
1453 333 1713 418 publica
1724 347 1876 397 cum
1887 324 2036 411 iure
2057 325 2435 407 coercendi,
2461 347 2606 409 poe-

223 438 467 503 nasque
503 418 820 505 affligendi
846 416 1196 497 conjunsta
1223 418 1335 482 illa·
1358 419 1476 483 alia
1505 416 1631 482 effe
1652 413 1881 499 nequit
1911 448 1937 493 3
1968 431 2160 498 quam
2183 413 2402 506 potestas
2423 416 2610 504 thrt's-

220 504 451 566 difflant}
474 501 549 578 ἒς
572 508 788 587 impetit·-
851 497 1062 566 Aliud
1095 498 1332 564 iterum
1365 501 1459 565 est
1490 517 1758 582 peccare
1790 498 1858 561 in
1882 500 2054 583 leges
2082 506 2405 573 amicitiae,
2426 493 2606 572 aliud

223 583 294 646 in
320 584 543 648 statuta
566 582 881 667 collegii,
922 582 986 646 &
1008 580 1180 645 aliud
1219 582 1286 645 in
1317 585 1492 667 leges
1524 580 1935 662 Reipublicae
1968 603 1987 645 t
2039 579 2277 671 pro-cul
2318 576 2520 642 dubio
2564 582 2604 641 ὲ

222 666 340 729 suo
369 664 700 730 consortio
732 662 1084 744 egeludere
1112 662 1445 728 hominem
1475 665 1562 727 ob
1595 665 1904 728 violatam
1938 662 2278 727 amicitlam
2307 698 2331 737 2
2377 662 2606 726 exclu-

228 747 382 813 dere
410 747 496 810 ob
529 746 1083 830 transgressionem
1105 745 1322 810 statuti
1346 747 1714 830 Collegialis
1738 746 1985 811 socium
2017 751 2052 809 a
2072 744 2400 827 CollegiO,
2425 743 2612 809 astus

218 829 576 913 furisdaefflonis
601 827 665 893 &
696 835 893 909 imperii
918 825 1049 894 dici
1078 839 1436 911 nequeunt.
1517 833 1728 895 Porro
1757 840 1971 893 autem
1989 868 2013 906 2
2044 826 2304 911 quando
2333 826 2606 908 ejestiO,

224 909 814 975 excommunicatio
838 951 863 989 ‚
900 910 1284 992 proscriptio
1322 910 1398 974 fit
1419 910 1807 975 authoritate
1829 912 2089 991 publica
2105 951 2129 988 7
2154 910 2218 975 &
2237 910 2367 973 hoc
2396 909 2610 991 ipsum

223 994 505 1056 bannum
538 1012 691 1059 cum
728 993 1090 1076 privatione
1128 992 1374 1072 jurium
1407 994 1701 1058 omnium
1734 994 2025 1060 Civitatis
2056 993 2410 1075 pleniffima
2445 1011 2607 1058 con-

218 1075 550 1159 jungitur,
581 1076 721 1160 quis
748 1096 885 1140 eam
911 1097 992 1142 ex
1019 1074 1335 1157 potestate
1373 1075 1625 1154 imperii
1654 1075 1860 1140 fluere
1904 1116 1927 1155 2
1959 1079 2117 1159 quin
2158 1075 2282 1140 effe
2303 1076 2470 1138 astum
2491 1080 2609 1161 Ju-

222 1158 521 1222 risde‘fflonis
560 1157 750 1224 valde
786 1158 1124 1226 sublimem
1162 1159 1544 1242 negaverit?
1583 1156 1799 1223 Attus
1838 1157 2311 1244 Jurisdistionis
2344 1157 2406 1222 δε
2437 1157 2609 1221 sum·-

223 1241 315 1303 mi
343 1241 592 1319 imperii
613 1261 695 1303 ex
733 1242 1025 1309 omnium
1045 1241 1355 1307 sententia
1377 1239 1507 1318 est,
1537 1259 1672 1325 quo
1693 1239 1835 1323 quis
1861 1243 2043 1306 banno„
2059 1243 2316 1323 imperiali
2343 1239 2607 1316 feritur,

226 1335 335 1386 aut
362 1327 400 1386 e'
430 1323 762 1390 terri-torio
789 1324 1150 1406 provinciae
1170 1328 1283 1388 vel
1305 1322 1489 1408 regni
1508 1321 1966 1405 proscribitur„
1998 1322 2429 1408 omnibusque
2450 1322 2611 1389 Rei-

223 1404 506 1485 publicae
533 1405 785 1486 juribus
814 1408 1141 1488 privatur:
1185 1426 1385 1474 eccur
1420 1424 1578 1491 ergo
1616 1407 1761 1473 haec
1784 1403 2018 1484 eJ'eEtio
2054 1405 2122 1467 in
2161 1405 2447 1477 Ecclesia
2482 1403 2610 1469 ufi-

225 1500 351 1550 tata
389 1529 411 1566 2
452 1509 578 1572 qua
622 1490 766 1573 quis
803 1498 840 1555 a
883 1490 1219 1556 communi
1251 1489 1547 1556 fidelium
1587 1488 1921 1570 consortio
1961 1487 2329 1552 excluditur
2352 1528 2377 1566 2
2424 1505 2611 1552 com-

223 1570 528 1635 munibus
561 1571 867 1656 suffragiis
904 1573 1235 1652 &juribus
1261 1573 1551 1654 privatur
1580 1613 1602 1650 o
1634 1571 1811 1639 astus
1825 1570 2300 1658 Jurisdistionis
2327 1571 2452 1634 ess'e
2467 1589 2607 1633 non

224 1651 420 1718 debet
459 1658 487 1718 ’ἑ
567 1657 892 1740 Equidem
940 1656 1260 1720 Christum
1303 1655 1600 1722 remisisse
1635 1668 1896 1736 peccata
1939 1655 2281 1739 aliquoties
2337 1667 2612 1735 propter

225 1737 708 1802 exuberantiam
728 1741 846 1813 fidei
875 1757 1106 1824 negare
1133 1758 1267 1800 non
1309 1737 1616 1804 audemus
1643 1779 1666 1816 ³
1701 1756 1784 1800 ne
1808 1738 2161 1819 Scripturae
2204 1737 2614 1803 contradice-

224 1838 297 1884 re
322 1817 676 1888 videamur.
696 1820 806 1904 (a)
902 1825 1112 1888 Porro
1141 1834 1358 1887 autem
1381 1839 1543 1883 anne
1572 1835 1916 1901 propterea
1943 1818 2227 1884 remissio
2271 1820 2456 1884 desiit
2485 1815 2614 1886 effe

225 1903 402 1972 astus
423 1902 941 1983 junsdiffionis?
982 1902 1249 1982 demus>
1282 1900 1464 1989 quod
1494 1903 1776 1969 summus
1805 1907 2129 1984 Imperans
2166 1902 2418 1970 homini
2454 1901 2612 1968 faci-

225 1986 468 2050 noroso
495 1985 678 2050 faciat
703 1986 963 2070 gratiam
982 2025 1005 2063 ³
1044 1986 1105 2054 &
1134 2005 1393 2067 poenam
1419 1986 1646 2051 mortis
1673 1987 1954 2052 remittat
1996 2010 2009 2050 ε
2056 2005 2132 2050 an
2153 2006 2290 2049 non
2315 1987 2458 2063 haec
2482 1986 2613 2067 ipsa

226 2068 420 2151 gratia
458 2069 550 2132 est
595 2065 867 2135 effectus
917 2067 1242 2148 potestatis
1279 2067 1592 2149 supremae
1615 2108 1638 2147 ·,
1681 2069 1789 2132 cui
1816 2071 2003 2132 velut
2037 2069 2355 2150 appendix
2389 2070 2614 2133 cohae-

221 2162 323 2214 ret
349 2150 455 2230 jus
488 2151 645 2216 vitae
670 2152 732 2218 δι
763 2150 941 2220 necis
981 2193 1006 2231 9
1035 2151 1139 2229 jus
1183 2169 1376 2236 aeque
1406 2151 1788 2235 aggratiandi
1816 2193 1837 2230 2
1880 2172 2072 2239 quam
2099 2153 2299 2216 vitam
2325 2150 2614 2216 adimen-

223 2231 289 2298 di
322 2239 349 2299 ’ἐ
393 2246 469 2298 ut
503 2233 663 2298 nihil
698 2233 988 2302 dicamus
1028 2233 1110 2302 de
1142 2253 1225 2298 eo
1247 2275 1271 2312 2
1303 2223 1512 2318 ,quod
1543 2234 1828 2303 Christus
1864 2258 1934 2298 ex
1970 2236 2222 2318 potestate
2252 2234 2609 2314 Excellentiae,

221 2302 774 2400 quemadmodum
799 2329 1039 2379 vocant
1071 2315 1272 2380 nostri
1296 2319 1565 2385 Theolo
1611 2317 1681 2393 i„
1725 2317 2191 2401 quamplurima
2235 2317 2467 2381 fecerit
2489 2357 2512 2397 ³
2548 2319 2615 2384 &

221 2401 438 2464 facere
524 2398 766 2463 otuerit
789 2438 814 2476 ·,
856 2418 1006 2482 quae
1054 2398 1363 2465 Ecclesiae
1399 2398 1564 2463 Mini
1622 2399 1706 2462 ris
1754 2399 1966 2463 facere
2005 2399 2097 2463 est
2136 2398 2416 2464 vetitum
2448 2400 2608 2485 (b),

272 2478 407 2544 uod
437 2417 588 2545 id'eo
616 2479 863 2548 dietum
903 2483 1212 2547 volumus
1245 2522 1268 2559 ·,
1311 2499 1395 2544 ne
1419 2480 1757 2547 videamur
1781 2501 1934 2547 cum
1971 2481 2475 2548 Protestantibus
2505 2484 2612 2565 ju·-

219 2570 246 2627 1
279 2562 670 2626 ificationem
698 2563 975 2630 nostram
1017 2564 1078 2628 &
1109 2563 1340 2631 exinde
1374 2576 1859 2644 promanantem
1905 2563 2335 2630 remissionem
2382 2585 2612 2646 pecca-

219 2659 442 2710 torum
468 2646 535 2709 in
559 2645 760 2711 fidem
793 2646 1160 2715 refundere.
1230 2650 1561 2714 Caeterum
1591 2667 1728 2710 non
1766 2667 2094 2714 moramur
2121 2647 2266 2712 alias
2295 2648 2610 2731 interpre-

222 2729 500 2795 tationes
523 2731 785 2811 potestatis
809 2730 1037 2792 clavium
1070 2731 1135 2797 in
1163 2730 1511 2798 traditione
1536 2731 1599 2799 δι
1630 2730 2014 2799 authoritate
2040 2733 2143 2796 SS.
2175 2734 2437 2798 Patrum
2463 2733 2611 2798 fun-

220 2813 393 2878 datas
422 2852 446 2889 ,
473 2830 628 2895 quas
654 2810 987 2895 Theologi
1018 2813 1219 2876 nostri
1238 2811 1470 2878 afferre
1500 2814 1706 2877 solent
1739 2813 1886 2899 (ᾡς
1934 2834 2135 2897 quum
2158 2813 2330 2878 enim
2363 2835 2500 2880 non
2519 2818 2611 2903 ig-

219 2910 532 2962 noremus
561 2933 585 2972 >
616 2892 799 2976 quod
828 2895 1257 2961 Protestantes
1293 2895 1749 2962 authoritatem
1778 2901 2036 2960 Patrum
2069 2896 2130 2962 δε
2155 2898 2612 2966 Conciliorum

222 2978 382 3045 tanti
410 2996 548 3042 non
573 2974 889 3044 aestiment
925 3019 948 3057 2
976 2978 1109 3045 imo
1138 2992 1602 3062 contemnere,
1631 2981 1693 3046 δε
1723 2978 2126 3060 vilipendere
2162 2980 2404 3047 soleant
2427 3024 2450 3064 2
2493 2985 2613 3050 iis·
2717 3003 2729 3014 ·

2467 3065 2620 3135 dem

225 3161 307 3228 (n)
345 3158 838 3224 Mntb.9.v.2.videno
865 3162 1027 3223 jesus
1051 3163 1186 3212 fidem
1219 3164 1398 3213 illorum
1422 3165 1539 3216 dixit
1567 3164 1842 3229 paralyticoz
1875 3162 2055 3213 confide
2093 3163 2157 3212 fili
2176 3197 2191 3223 ,
2222 3167 2508 3221 remittuntur
2526 3172 2617 3225 tibi

360 3243 543 3294 peccota
560 3242 657 3279 tna.
690 3229 818 3279 Idem
837 3227 997 3292 legitur
1022 3235 1168 3280 Mare.
1187 3247 1239 3284 2.
1265 3250 1310 3280 v.
1330 3250 1375 3290 ς.
1396 3237 1443 3284 ἃς
1467 3241 1573 3282 Luc.
1601 3249 1640 3288 ς.
1669 3249 1714 3279 v.
1744 3249 1822 3280 ιο.
1862 3248 2047 3297 quorun·
2069 3233 2205 3291 fidem
2222 3263 2242 3292 ,
2270 3251 2322 3286 ut
2352 3240 2500 3300 fidet,
2529 3243 2613 3293 di-

358 3302 434 3346 xit
450 3314 467 3343 .-
499 3295 629 3345 bouno
658 3302 952 3345 rennuunt
974 3299 1066 3346 eibi
1090 3309 1276 3359 peecata
1298 3311 1397 3354 πα,
1426 3304 1531 3350 item
1559 3304 1666 3347 Luc.
1692 3315 1743 3359 7.
1767 3317 1810 3346 v.
1832 3317 1915 3361 47.
1944 3306 2026 3357 48-
2047 3303 2140 3348 ἀς.

224 3362 312 3434 (b)
346 3367 416 3479 Ssic
443 3377 549 3443 ‘5⁸‘
574 3363 770 3480 cincigno
795 3362 1032 3429 Apostolos
1047 3366 1272 3419 adiuvit
1287 3367 1335 3416 in
1350 3368 1585 3435 Episcopus
1603 3365 1694 3416 fine
1713 3366 1994 3433 impofitione
2014 3381 2233 3417 manuum
2248 3402 2263 3430 ,
2288 3371 2333 3420 id
2356 3373 2479 3440 quod
2504 3377 2612 3444 Epi-

379 3447 479 3492 copn
505 3447 601 3479 non
622 3447 680 3494 po
715 3446 812 3479 unt.

225 3500 308 3567 (c)
342 3499 448 3554 Vid.
479 3499 764 3577 spic-negium·
778 3497 948 3576 elariff.
973 3503 1022 3551 P.
1036 3499 1300 3558 corbiniani
1317 3501 1518 3556 Thomu
1532 3499 1714 3562 Dissm·
1736 3518 1785 3558 ι.
1806 3508 1872 3560 Ν.
1888 3513 1969 3562 12·
1993 3505 2069 3558 ubi
2086 3502 2167 3561 hu
2188 3504 2333 3563 clam
2355 3522 2414 3565 u
2434 3495 2614 3564 serP.

359 3564 699 3635 profundiffime
722 3563 950 3633 dilucidat,
