2970 3918
1082 203 1197 279 De
1224 204 1404 291 Statu
1437 199 1724 295 Ecclefiae.
2500 220 2595 295 27

219 357 512 440 convulsum
554 358 622 422 ab
664 374 766 419 una
803 354 1078 419 voluntate
1114 370 1210 438 per
1252 373 1425 416 omnes
1459 354 1701 438 Civitatis
1728 359 1906 435 partes
1933 348 1953 425 ζ
2007 357 2165 434 alque
2199 346 2407 433 negotia
2436 368 2594 414 exer-

215 456 416 503 ceatur.
540 435 741 503 Exinde
770 483 790 508 ,
830 437 952 517 quid
995 441 1066 516 fit
1107 435 1406 520 irregularis
1444 439 1650 497 civitas
1693 434 1900 494 collefilu
1941 452 2043 496 non
2084 433 2151 508 eft
2195 431 2411 510 difficile.
2459 431 2591 514 (a)

214 522 352 583 Nos
394 520 504 591 ista
541 517 893 591 distinctius
936 513 1245 578 dabimus,
1363 515 1624 577 Constat
1671 519 1752 576 ex
1790 513 2014 591 dietis,
2059 512 2240 596 quod
2276 531 2357 574 ex
2393 513 2594 594 pastis

215 602 293 664 ad
319 597 826 665 constituendam
855 596 1197 659 Civitatem
1231 597 1583 658 necessariis
1627 596 1895 659 resultet
1922 603 2091 660 unitas
2112 598 2445 658 voluntatum
2476 615 2593 660 ve-

213 685 312 746 lut
341 684 547 746 anima
580 681 970 755 Civitatum,
1016 688 1311 754 eatenuS,
1359 690 1670 760 quatenus
1709 686 1991 760 populus
2020 677 2223 740 libere
2261 676 2329 739 in
2353 678 2594 744 Civita-

213 777 351 827 tem·
368 762 776 828 consentiens
803 761 975 823 suam
1004 763 1407 822 voluntatem
1439 762 1781 838 Imperanti
1814 766 1920 824 vel
1954 761 2419 839 Imperantibus
2450 761 2596 826 sub-

210 846 397 910 misit.
519 843 923 928 Haecigitur
957 845 1259 906 voluntas
1300 837 1495 907 habet
1530 841 1592 904 se
1633 843 1699 903 in
1738 861 2020 923 corpore
2061 843 2285 906 Politice
2331 841 2409 905 ad
2450 865 2597 909 mo·

212 926 367 991 dum
383 968 407 1006 ,
439 949 574 1012 quo
602 927 664 989 se
687 930 877 990 habet
898 924 1102 989 anima
1135 923 1456 986 rationalis
1478 921 1546 983 in
1567 941 1779 1007 corpore
1805 924 2026 988 humano
2055 946 2071 982 z
2117 922 2250 986 ssve
2271 943 2428 1009 ergo
2449 927 2597 992 haec

213 1010 419 1072 anima
463 1012 683 1080 eolztica
719 1007 991 1072 resideat
1031 1007 1307 1081 inun0,
1359 1003 1596 1066 sivein
1625 1007 1954 1085 pluribuS,
2003 1003 2137 1067 five
2169 1005 2237 1068 in
2265 1019 2402 1071 tota
2425 1013 2596 1075 mul-

211 1092 490 1156 titudine
512 1134 535 1171 ,
583 1090 704 1154 erit
729 1091 932 1153 anima
955 1110 1082 1154 una
1098 1129 1122 1166 ,
1169 1086 1336 1151 haud
1360 1087 1540 1150 secus
1557 1129 1580 1166 ,
1627 1108 1818 1170 quam
1845 1089 2047 1156 anima
2069 1089 2392 1154 rationalis
2412 1133 2435 1170 ,
2480 1093 2595 1160 seu

211 1175 386 1238 illam
428 1195 578 1238 cum
626 1173 952 1245 hodiernis
1000 1170 1406 1250 Philosophis
1455 1169 1522 1231 in
1569 1168 1883 1233 medullio
1933 1170 2222 1249 cerebri,
2268 1172 2399 1236 five
2442 1195 2595 1240 cum

211 1257 646 1333 Aristotelicis
682 1269 886 1319 totam
927 1254 1182 1329 inttoto
1211 1271 1538 1333 corpore,
1581 1255 1692 1314 vel
1732 1253 2023 1333 pluribus
2066 1255 2361 1333 corporis
2400 1260 2594 1337 parti-

128 1362 135 1369 *
213 1341 332 1403 bus
367 1340 656 1413 relidere*
696 1338 989 1415 dixeriS,
1016 1335 1377 1417 dummodo
1420 1336 1532 1409 sua>
1567 1334 1835 1415 imperia
1874 1355 1994 1416 per
2032 1353 2256 1400 omnes
2294 1343 2597 1419 corporis

211 1434 419 1504 partes
454 1420 784 1502 dispenset.
917 1419 1119 1505 Quod
1146 1420 1190 1482 si
1230 1435 1384 1502 ergo
1421 1419 1565 1482 haec
1593 1418 1795 1482 anima
1819 1417 1931 1481 seu
1951 1416 2160 1482 unitas
2189 1423 2447 1486 moralis
2476 1446 2614 1488 vo·-

212 1509 534 1568 luntatum
557 1517 665 1567 aut
688 1501 1050 1581 dividatur,
1097 1517 1202 1568 aut
1227 1505 1531 1579 tollatur,
1574 1514 1766 1585 atque
1798 1503 1864 1564 in
1891 1501 2298 1581 participium
2331 1507 2596 1586 Imperii

213 1586 627 1651 admittantur
666 1588 807 1651 aliae
843 1586 1142 1666 corporis
1176 1596 1426 1664 parteS,
1467 1584 1658 1648 status
1698 1590 1994 1668 irregularis
2020 1584 2382 1663 resultabit,
2425 1589 2595 1654 haud

210 1671 429 1748 aliter,
475 1679 666 1753 quam
702 1671 750 1732 si
790 1669 858 1731 in
891 1672 1066 1733 coelo
1106 1666 1250 1740 duo,
1275 1680 1607 1746 ponantur
1637 1666 1841 1744 soles,
1885 1679 1960 1728 ut
1988 1667 2248 1747 praefint
2278 1667 2445 1749 diei,
2487 1686 2597 1738 aut

210 1751 361 1815 duae
393 1756 567 1817 lunae
587 1793 611 1831 ,
655 1765 729 1814 ut
753 1751 1011 1832 praesint
1039 1750 1242 1814 noffi.
1372 1754 1597 1833 Itaque
1627 1750 1764 1812 illas
1782 1748 2101 1819 ,Civitates
2133 1769 2213 1812 ex
2255 1751 2464 1817 forma
2494 1777 2596 1820 re-

254 1835 458 1899 iminis
497 1837 756 1920 regulares
797 1833 923 1896 effe
969 1833 1240 1897 dicimus
1261 1872 1284 1908 ,
1331 1832 1400 1894 in
1442 1833 1693 1915 quibus·
1720 1831 1863 1895 haec
1903 1832 2111 1894 unitas
2151 1831 2353 1913 salva,
2397 1836 2593 1919 sarta,

316 1918 484 1982 teEta
510 1928 763 1992 manet,
807 1916 1117 2009 irregulares
1159 1925 1462 1991 econtra,
1507 1914 1576 1976 in
1611 1913 1843 1998 quibus
1877 1912 2231 1996 Imperium
2274 1915 2354 1981 de
2400 1919 2462 1984 se
2500 1922 2598 1985 in-

210 2000 599 2064 convulsum
635 2017 708 2060 ac
743 1995 1087 2061 indiv1sum
1130 1995 1482 2074 dividitur,
1539 2010 1731 2080 atque
1773 1997 1841 2059 in
1883 1996 2288 2077 participium
2340 2000 2611 2085 Jurium=

209 2085 656 2163 Majeslacicorum
703 2080 812 2144 seu
854 2083 1176 2161 populu5,
1220 2079 1332 2143 seu
1368 2083 1697 2164 Magnates
1746 2078 2192 2144 admittuntur.
2317 2086 2418 2147 Ex
2457 2108 2594 2172 quo

209 2164 533 2248 sequitur,
579 2160 887 2229 Civitates
920 2167 1136 2241 vitiosas
1164 2162 1541 2245 neutiquam
1580 2162 1704 2226 effe
1737 2160 2244 2236 confundendus
2278 2183 2429 2230 cum
2454 2182 2613 2235 1rre-⁴

209 2249 479 2333 galeribus
506 2292 524 2317 ‚
565 2262 782 2326 neque
823 2243 1132 2307 dedecori
1177 2246 1300 2309 esse
1345 2245 1789 2323 Civitatibus,
1825 2244 1871 2307 si
1908 2245 2119 2309 forma
2153 2250 2418 2328 Imperii
2452 2264 2594 2317 Irre-

250 2330 385 2389 ulari
414 2326 890 2410 gubernentur,
931 2345 1145 2408 neque
1177 2328 1426 2406 semper
1445 2327 1825 2391 utilitatibus
1857 2327 2212 2392 Civitatum
2245 2333 2423 2395 omni
2458 2355 2595 2400 me-

204 2349 363 2472 iiori
388 2405 593 2471 modo
629 2409 755 2472 ess'e
779 2407 1146 2471 consultum
1167 2429 1283 2488 per
1312 2407 1584 2472 formam
1618 2409 1879 2490 Imperii
1914 2411 2216 2505 Regularem
2242 2439 2261 2474 .·
2306 2435 2386 2477 an
2417 2414 2592 2481 enim

211 2489 567 2568 nescimUS,
612 2490 795 2572 quod
836 2511 971 2554 non
997 2508 1223 2571 paucae
1257 2490 1562 2554 Civitates
1598 2491 1851 2555 summo
1891 2489 2007 2554 fib1
2039 2492 2279 2558 honori
2316 2495 2591 2579 duca-nt,

211 2571 392 2658 quod
421 2575 678 2637 excusso
704 2573 864 2657 jugo
903 2571 1253 2636 Monarchico
1286 2573 1581 2656 quaedam
1613 2574 1872 2654 Imperii
1903 2574 2047 2653 jura
2081 2574 2196 2639 fibi
2223 2578 2595 2645 vindicave-

210 2658 386 2719 rint?
443 2675 520 2717 an
552 2675 688 2739 non
717 2668 791 2719 ut
833 2654 1186 2736 plurimum
1215 2655 1351 2718 illas
1385 2656 1691 2721 Civitates
1716 2698 1739 2735 ,
1785 2657 1851 2720 in
1887 2657 2120 2740 quibus
2150 2657 2294 2739 jura
2329 2661 2609 2744 Imperii

213 2749 321 2801 aut
358 2737 589 2816 mixta,
635 2750 743 2802 aut
782 2736 978 2802 divisa
1013 2736 1198 2815 sunt,
1243 2738 1442 2802 vitam
1481 2759 1667 2825 agere
1705 2738 2219 2824 tranquilliorem
2243 2783 2266 2822 ,
2308 2745 2593 2811 securio-

211 2840 351 2883 rem
382 2860 406 2897 ,
448 2820 509 2884 87.
538 2819 936 2897 beatiorem,
981 2831 1174 2903 atque
1204 2821 1535 2886 bonorum
1568 2822 1890 2886 abundare
1929 2821 2117 2903 copia
2146 2825 2596 2896 abundantiffi-

214 2922 316 2966 rna
344 2901 817 2982 conspicimus?
902 2905 986 2966 Et
1017 2902 1321 2983 profesto
1352 2904 1740 2987 paucissimae
1770 2906 1835 2968 in
1866 2905 2027 2968 hanc
2062 2924 2269 2990 usque
2295 2909 2467 2976 diem
2492 2935 2594 2979 re-

211 2995 418 3065 pertae
446 2985 590 3048 sunt
621 2985 966 3062 CivitateS,
1013 3002 1162 3068 quae
1203 2990 1398 3052 unam
1435 3008 1516 3052 ex
1554 2988 1756 3051 tribus
1794 2988 1916 3051 illis
1947 2987 2174 3052 formis
2215 2995 2590 3079 elegerunt,

212 3067 320 3131 sed
352 3070 553 3148 plerae
600 3086 685 3130 ue
710 3071 819 3133 vel
851 3086 1073 3132 omnes
1104 3069 1239 3133 illas
1268 3071 1506 3135 formas
1536 3071 1601 3132 in
1626 3091 1829 3134 unum
1850 3070 2215 3136 conflarunt
2234 3115 2256 3154 ,
2301 3081 2409 3142 vel
2436 3079 2590 3147 duas

213 3150 298 3219 ita
316 3090 896 3231 commiscuerunt,
937 3162 1013 3215 ut
1042 3171 1168 3216 una
1194 3156 1454 3221 alteram
1487 3155 1672 3217 velut
1703 3154 1771 3216 in
1802 3153 2024 3218 officio
2057 3157 2427 3253 contineret
2447 3163 2589 3251 (b).

211 3429 291 3494 s.)
331 3425 425 3478 us.
455 3441 684 3489 mm,
707 3435 813 3482 Μ,
1357 3332 1430 3406 D
1486 3355 1524 3403 2
2298 3341 2364 3435 ς.
2399 3341 2586 3419 xm.

209 3509 315 3575 (b)
353 3510 491 3564 Hujus
532 3508 591 3555 sei
616 3504 864 3556 testimonie
904 3503 995 3554 vid.
1019 3502 1138 3571 apud
1163 3503 1455 3556 Heineccium
1482 3503 1559 3556 lib.
1595 3522 1637 3557 2.
1661 3519 1762 3575 np-
1788 3511 1834 3558 6.
1856 3519 1900 3565 5.
1925 3512 2133 3564 cxvm.
2162 3511 2238 3563 ubi
2270 3515 2450 3568 adducft
2474 3521 2591 3572 inm

347 3576 428 3623 alia
451 3571 752 3623 testimonium
778 3573 939 3634 Polyb.
955 3575 1140 3622 dicentis
1166 3586 1181 3628 t
1226 3574 1515 3639 manifistum
1537 3573 1624 3637 est,
1650 3594 1748 3631 eam
1768 3579 2099 3648 Rempublicam
2114 3581 2281 3650 censeri
2304 3585 2455 3636 debere
2469 3598 2587 3654 opti-

334 3656 498 3703 rneam,
520 3658 609 3709 qua
637 3657 691 3693 ex
710 3641 914 3692 omnibns
935 3639 1287 3712 s'sts'sfhrmlsfis
1309 3640 1561 3713 sompofitae.
1863 3674 1868 3680 -
2175 3689 2180 3692 .
