2970 3918
282 202 377 267 60
871 208 874 212 ’
1136 201 1330 293 Caput
1361 199 1410 273 I.
1450 206 1527 289 §-
1560 197 1847 273 XXIII.

290 368 432 412 rum
482 362 567 414 ue
595 350 848 430 injustas
878 347 1236 414 invafiones
1265 390 1287 427 2
1330 350 1393 414 &
1415 348 1858 430 usurpationes
1892 349 1980 413 sat
2009 350 2241 414 acriter
2278 356 2664 441 perstringit.

293 435 434 499 En!
553 433 862 498 oftrinam
899 430 1216 495 Dostoris
1252 431 1699 496 Protestantici
1727 473 1750 511 2
1791 442 1982 516 quam
2014 453 2096 496 ex
2126 434 2378 520 integro
2421 457 2540 501 nec
2568 461 2674 520 ap-

299 514 642 596 probamus
667 554 689 589 ,
723 531 846 575 nec
874 513 1314 592 reprobamus,
1430 514 1701 598 Aliquas
1730 529 1943 578 tamen
1980 514 2247 599 desuper
2279 517 2678 583 adimadver-

295 598 502 661 1iones
532 595 741 657 facere
767 595 1031 674 placuit.
1131 598 1217 658 Et
1257 596 1543 676 inprimis
1574 597 1640 660 id
1675 596 2236 662 animadvertimus
2268 640 2290 678 ‚
2337 601 2518 683 quod
2569 622 2680 664 au-

295 677 497 742 thoris
526 677 799 739 intentio
838 695 989 740 eum
1019 678 1085 741 in
1113 677 1313 741 finem
1343 679 1776 760 principaliter
1798 681 2226 743 collimaverit
2250 724 2272 760 2
2297 692 2372 746 ut
2407 683 2467 746 &
2497 683 2679 748 Prin-

294 762 514 838 cipum
540 757 938 822 saecularium
967 759 1189 823 abusus
1223 801 1245 838 ³
1295 761 1355 825 &
1388 760 1828 843 usurpationes
1859 763 1923 824 in
1953 765 2264 827 exercitio
2306 771 2458 850 Jnm‘s
2503 773 2556 829 in
2591 771 2690 847 sa·-

292 862 382 905 cra
415 840 630 903 omnia
677 840 911 924 susque
937 840 1150 926 deque
1180 845 1572 907 vertentium
1597 884 1619 922 9
1655 846 1715 909 &
1744 844 1894 930 jura
1933 846 2304 929 Collegialia
2339 845 2574 910 mirum
2613 849 2682 912 in

292 923 564 987 modum
587 924 981 987 turbantium
1014 925 1500 1010 perstringeret>
1536 927 1596 991 &
1624 926 1755 989 suae
1789 927 2146 1008 Religionis
2195 931 2492 1012 Collegas
2515 929 2682 995 adu-

293 1004 464 1066 landi
501 1004 715 1069 studio
762 1007 1231 1087 promovendis
1285 1048 1310 1086 2
1362 1007 1898 1090 sublimandisque
1953 1008 2204 1087 juribus
2261 1010 2684 1092 Principum..

294 1087 488 1150 unice
531 1088 892 1152 insudantes
920 1091 1163 1157 rubore
1189 1089 1608 1154 suffunderet.
1719 1092 2006 1154 Ulterius
2039 1089 2107 1153 id
2145 1091 2331 1155 fateri
2357 1093 2681 1176 cogimur,

293 1169 474 1252 quod
505 1170 809 1237 hactenus
828 1174 1082 1237 nullum
1102 1174 1478 1236 Authorem
1507 1173 2045 1237 Protestanticum
2070 1175 2285 1257 legere
2305 1177 2682 1239 concess'um

294 1253 533 1330 fuerit„
568 1253 680 1338 qui
720 1253 1047 1336 principiis
1077 1254 1307 1319 nostris
1341 1255 1690 1319 Catholicis
1718 1255 1985 1336 propius
2013 1258 2388 1335 accederet>
2414 1257 2679 1338 Episco-

293 1354 532 1416 porum
555 1336 701 1417 jura
729 1337 956 1417 majori
988 1336 1284 1402 libertate
1315 1337 1743 1402 confiteretur
1764 1378 1788 1416 2
1834 1339 1896 1403 &
1941 1338 2166 1401 abusus
2216 1341 2690 1419 Imperantium·

290 1418 632 1499 sinceriuS,
660 1417 948 1484 modeste
972 1432 1185 1485 tamen
1205 1421 1267 1486 &
1282 1440 1433 1484 cum
1452 1423 1655 1484 multa
1675 1418 2253 1500 circumspeftione
2277 1421 2682 1505 depingeret.

296 1505 565 1566 Fatetur
591 1501 695 1565 vir
722 1501 1116 1569 doetiffimus
1143 1503 1470 1583 inprimis,
1500 1501 1682 1595 quod
1710 1501 1839 1581 ipse
1868 1505 2151 1582 populus
2194 1507 2378 1585 plura
2405 1512 2550 1587 Jura
2567 1505 2690 1568 Col-

291 1585 338 1646 le
378 1587 499 1646 iulia
526 1585 593 1647 in
618 1585 975 1666 Episcopos
1001 1586 1394 1649 transtulerit
1420 1625 1443 1663 2
1487 1584 1554 1647 h1
1592 1602 1757 1666 vero
1794 1582 2018 1647 eadem
2065 1587 2244 1649 omni
2286 1585 2434 1666 jure
2471 1604 2683 1670 usque

295 1605 375 1729 ad
401 1680 694 1747 tempora
718 1667 1230 1743 Reformationis
1263 1666 1672 1730 exercuerint
1695 1705 1719 1744 2
1749 1665 1900 1730 &in
1922 1666 2084 1731 hanc
2117 1687 2326 1752 usque
2369 1667 2544 1732 diem
2575 1688 2688 1731 ex·-

293 1767 517 1812 ercere
562 1750 811 1829 poffent
841 1790 865 1828 2
924 1749 1036 1813 nisi
1073 1756 1107 1813 a
1146 1762 1329 1814 coetu
1379 1748 1850 1813 Protestantico
1899 1748 2125 1812 iisdem
2171 1750 2351 1815 exuti
2397 1750 2683 1815 fuiss'ent.

292 1829 743 1899 Addit.tamen
771 1872 795 1910 2
830 1831 930 1895 uti
971 1845 1150 1895 antea
1189 1831 1754 1896 animadvertimus
1795 1871 1820 1909 ‚
1867 1832 2223 1913 Episcopos
2264 1833 2434 1896 haud
2480 1853 2686 1914 pauca

290 1920 439 1993 Jura
462 1915 762 2000 Collegialia
790 1916 1042 1995 populo
1066 1913 1429 1978 subtraxisse
1450 1954 1473 1992 9
1500 1932 1624 1977 nec
1658 1913 1966 1992 pauciora
1991 1922 2150 2057 gara
2188 1917 2525 1997 Majeftatica
2566 1916 2700 1981 fibi,

294 1995 622 2089 arrogaffe.
731 1996 895 2060 Inde
923 2009 1137 2060 autem
1166 1995 1324 2081 quid
1346 1995 1635 2079 sequitur
1654 2034 1677 2072 2
1703 1994 1819 2057 nis1
1852 2016 1983 2078 quo
2059 1997 2269 2074 primo
2289 1998 2592 2080 Episcopi
2617 1999 2686 2063 in

294 2079 581 2162 legitima
609 2077 987 2161 poffeffione
1026 2077 1271 2157 jurium
1309 2075 1906 2142 Ecclesiasticorum
1940 2078 2374 2158 plurimorum
2410 2079 2681 2161 fuerint,

295 2161 594 2243 adeoque
629 2161 925 2240 injuriam
952 2160 1186 2224 faciant
1221 2161 1555 2242 Episcopis
1589 2160 1925 2226 Dostores
1939 2160 2036 2224 illi
2063 2159 2536 2239 Protestantici,
2568 2165 2685 2246 qui

294 2242 653 2325 Episcopos
681 2247 868 2307 velut
911 2243 1317 2322 usurpatores
1356 2243 1421 2308 δε
1452 2241 1776 2306 invasores
1805 2242 2050 2321 jurium
2088 2242 2687 2310 Ecclefiasticorum

298 2327 596 2390 omnium
621 2324 912 2409 sugillant
932 2366 957 2404 ·,
988 2326 1370 2403 traducunt,
1409 2326 1471 2390 &
1509 2323 1947 2388 criminantur.
2063 2323 2380 2409 Sequitur
2407 2326 2684 2390 ulterius

292 2408 361 2472 &
386 2409 537 2476 2.do
567 2450 591 2487 2
625 2408 806 2491 quod
831 2407 1130 2489 praetensi
1163 2408 1654 2471 Reformatores
1682 2411 1819 2486 usum
1845 2406 1922 2468 ab
1949 2405 2102 2480 abusu
2123 2409 2407 2487 separare
2433 2405 2702 2490 debuis-‘

296 2491 435 2554 sen-t
464 2532 489 2570 ,
532 2491 935 2572 Principibus
951 2498 1099 2575 Jura
1131 2495 1462 2571 Majefiatica
1497 2489 1865 2567 vindicare,
1905 2493 2156 2567 populo
2199 2488 2496 2572 quaedam
2535 2498 2687 2574 [ἵνα

302 2577 608 2659 Collegialia
638 2616 662 2654 ,
694 2574 914 2658 inique
940 2593 1022 2636 ex
1048 2574 1313 2636 illorum
1346 2572 1654 2652 opinione
1675 2571 1988 2635 subtrasta
2012 2573 2386 2649 restituere„
2414 2591 2550 2635 non
2572 2591 2687 2635 ve·-

302 2676 381 2719 ro
412 2656 770 2746 Episcopos
810 2662 846 2719 e
875 2656 981 2719 sua
1006 2654 1423 2737 antiquissima
1458 2653 1838 2734 poffeffione
1876 2652 2156 2731 dejicere
2185 2694 2208 2730 2
2236 2653 2535 2716 omnibus
2558 2653 2699 2718 suis.

296 2738 550 2819 juribus
570 2739 840 2820 spoliare
858 2779 881 2817 2
903 2739 965 2803 &
990 2737 1133 2816 jura
1160 2738 1365 2800 ferme
1386 2738 1600 2800 omnia
1618 2756 1750 2799 non
1778 2733 1980 2798 modo
2014 2739 2352 2816 MaJ‘estatica
2369 2735 2478 2798 sed
2494 2735 2687 2800 etiam

303 2823 601 2909 Collegialia
626 2832 854 2886 contra
877 2819 1077 2883 fidem
1111 2819 1316 2883 datam
1344 2818 1408 2879 in
1441 2822 1833 2898 Imperantcs
1849 2816 2312 2880 transfundere.
2378 2818 2687 2901 Sequitur

306 2903 465 2984 3.tio
491 2945 515 2982 2
561 2904 741 2989 quod
794 2901 1195 2982 Principibus
1237 2900 1563 2963 incumbat
1609 2919 1773 2963 onus
1810 2899 2122 2977 probandi
2150 2940 2172 2977 ³
2217 2899 2353 2969 hoc.
2370 2903 2482 2963 vel
2521 2899 2688 2964 illud

304 2993 412 3067 Jus
453 2986 725 3073 Collegiale
751 2986 864 3049 seu
895 2983 1177 3066 expresse
1208 3023 1231 3060 2
1275 2984 1388 3058 seu
1415 2982 1608 3045 tacite
1643 2987 1678 3045 a
1708 2984 1959 3061 populo
1991 2981 2055 3057 in
2085 2982 2252 3064 ipsos
2285 2985 2688 3060 translatum,

310 3067 496 3131 secus.
512 3087 632 3146 pro
670 3070 963 3135 libertate
995 3068 1056 3132 &
1083 3066 1337 3147 juribus
1359 3063 1600 3145 populi
1630 3065 1752 3128 erit
1777 3063 2320 3142 pronuntiandum
2345 3103 2367 3140 ι,
2411 3064 2554 3148 quis
2578 3084 2690 3128 au·

314 3161 448 3212 tem
474 3171 607 3213 non
636 3153 852 3217 videat
883 3193 905 3230 2
939 3154 1131 3215 talem
1158 3148 1610 3230 probationem
1650 3146 1979 3229 saepiffime
2015 3147 2163 3214 fore
2200 3160 2307 3212 aut
2339 3145 2695 3229 impossibi—

312 3235 443 3296 lem
466 3272 489 3310 2
525 3245 630 3295 aut
669 3247 846 3298 certe
876 3232 1358 3296 difficillimam?
1868 3290 1872 3295 .
2032 3305 2033 3308 Ἴ
2417 3283 2421 3286 .

443 3398 455 3408 ·
504 3318 768 3379 Fatetur
798 3314 1394 3410 laudatus-Author
1418 3311 1688 3404 ulterius
1717 3351 1740 3389 2
1787 3309 1967 3459 <god
1990 3311 2104 3393 ipsi
2138 3311 2329 3410 etiam
2364 3312 2689 3390 Imperan-

314 3410 408 3460 tes
441 3417 506 3459 in
545 3399 917 3463 exercendis
936 3403 1058 3465 suis
1087 3397 1336 3474 juribus
1353 3394 1728 3460 excesserint
1754 3433 1778 3471 ³
1881 3400 2027 3480 Jura
2058 3395 2355 3480 Collegzalm
2380 3410 2515 3455 non
2535 3410 2689 3472 pau-

310 3502 385 3546 ca
418 3480 897 3570 usurpaverint,
937 3479 1144 3570 qualia
1180 3478 1323 3547 sunt
1356 3477 1751 3546 convocatio
1783 3477 2234 3544 Conciliorum
2259 3515 2282 3555 2
2305 3473 2690 3620 direfitiofz‘tif

1469 3587 1482 3594 ·<
1550 3573 1588 3609 τ.
2586 3575 2631 3620 u
2661 3589 2689 3601 -

2714 3293 2731 3324 ἱ
