2970 3918
936 213 1049 285 De
1080 208 1465 287 Hierarchia
1496 191 1919 304 Ecclesiastico.
2483 225 2508 277 ι
2521 226 2624 294 49

242 362 409 449 fiee,
436 370 499 432 in
533 372 665 453 quo
690 364 1023 447 Theologi
1056 363 1325 426 omnino
1357 362 1840 447 quadruplicem
1864 357 2261 443 distinguunt
2286 356 2623 438 personam

244 459 471 540 Episcopi
493 461 544 515 in
572 454 783 533 Dioecefi
814 457 1047 509 Rouana
1074 490 1091 517 ‚
1118 452 1474 526 Metropolim
1494 447 1555 510 δε
1580 448 1824 509 primatis
1839 445 1892 505 in
1919 445 2205 506 Provinciis
2234 441 2624 534 fieburbicqriis.

244 532 564 598 patriarche
589 539 644 596 in
674 528 940 594 occidenti
961 572 981 599 .
1015 531 1253 611 supremi
1296 532 1541 590 primatis
1585 527 1650 590 in
1691 524 1995 590 universo
2042 523 2202 589 orbe
2251 524 2619 605 Cathol1c0.

311 635 403 679 uo
426 611 750 694 supposito
781 606 952 671 facili
978 607 1245 691 negotio
1273 607 1652 687 exsplicatur
1676 649 1698 685 2
1735 627 1860 691 qua
1882 606 2132 670 ratione
2162 611 2298 671 vices
2315 606 2499 686 christi
2520 604 2649 669 su-

245 621 514 762 ffineant
543 735 567 772 2
616 694 677 757 &
699 697 735 753 a
762 687 1015 754 Christo
1041 685 1203 751 miffi
1227 688 1349 750 sint
1374 729 1398 765 -,
1456 689 1617 753 ficut
1646 692 1776 770 ipse
1802 694 1836 753 a
1863 689 2115 754 Christo
2152 688 2367 758 miffus
2410 689 2623 754 fuerat

245 787 475 857 nempe
501 773 824 849 insordine
849 769 927 834 ad
951 769 1084 832 suas
1113 771 1423 833 Ecclesias
1450 772 1897 851 particulares>
1923 773 1990 835 in
2026 770 2255 836 ordine
2294 771 2370 835 ad
2408 772 2626 837 munia

247 861 360 924 fibi
401 857 743 922 commiss'a.
847 856 988 919 Nec
1014 851 1299 931 dicatur,
1326 853 1507 936 quod
1539 855 1822 936 Christus
1854 855 2067 920 milsus
2087 854 2289 918 fuerit
2315 875 2467 919 cum
2490 860 2626 937 ple-

244 940 486 1009 'niffima
516 937 831 1021 potestate
853 977 880 1015 ,
907 936 968 1002 &
1005 933 1271 1019 quidem
1295 935 1360 997 in
1391 955 1618 1000 omnes
1639 938 1989 1002 Ecclessas:
2031 936 2138 1002 sed
2157 938 2385 1021 utique
2414 939 2479 1001 in
2495 959 2629 1021 ,po-

242 1023 466 1089 testate
495 1020 726 1087 Christi
761 1019 884 1084 fuit
912 1018 1071 1081 hanc
1100 1016 1480 1098 potestatem
1510 1018 1782 1082 limitare
1811 1060 1834 1097 ³
1876 1019 2258 1104 restringere
2282 1061 2305 1098 2
2342 1022 2403 1087 &
2445 1042 2627 1087 coar-

248 1110 422 1173 &are
457 1146 479 1183 2
523 1117 720 1187 prout
747 1100 1053 1166 libuerit?
1096 1103 1328 1184 Neque
1354 1098 1624 1163 dubium
1645 1101 1760 1179 est,
1786 1102 1943 1184 quin
1962 1102 2245 1166 Christus
2266 1104 2413 1167 suos
2437 1108 2627 1187 Apo-

247 1191 447 1255 stolos
472 1187 858 1254 sufficienter
885 1182 1251 1247 instruxerit
1269 1224 1300 1261 2-
1325 1202 1572 1267 eosque
1595 1182 1935 1263 docuerit,
1968 1188 2223 1268 qualem
2246 1187 2629 1267 potestatem

250 1270 500 1337 dederit
525 1313 547 1348 ‚
575 1271 641 1333 in
671 1268 901 1353 quibus
927 1265 1168 1330 caslbUS
1186 1307 1206 1342 a
1247 1267 1444 1330 causis
1474 1306 1496 1346 2
1544 1265 1773 1331 officiis
1802 1266 1863 1331 &
1886 1268 2118 1331 muniis
2149 1267 2284 1331 suas
2315 1271 2493 1334 vices
2522 1290 2629 1356 ge-

246 1353 707 1425 rere-debeant.
792 1354 878 1415 Et
906 1350 1047 1433 quis
1077 1349 1312 1427 nescit,
1343 1361 1558 1414 textus
1586 1369 1741 1413 cum
1768 1349 2051 1414 textibus
2077 1350 2198 1415 effe
2228 1355 2630 1418 concordan-

249 1438 368 1503 dos
392 1441 418 1501 ἓ
463 1456 665 1521 quum
696 1452 851 1527 ergo
880 1434 1025 1496 alibi
1054 1435 1300 1526 legatur
1318 1473 1339 1510 2
1374 1431 1554 1517 quod
1582 1431 1868 1496 Christus
1889 1435 2088 1520 Petro
2105 1474 2128 1511 2
2159 1434 2464 1529 illiusque
2486 1436 2632 1503 suc-

248 1518 596 1586 cess‘oribus
630 1520 990 1598 pleniorem
1011 1514 1530 1596 jurisdictionem
1553 1515 2135 1580 communicaverit
2154 1557 2177 1594 2
2211 1515 2486 1586 dubitari
2516 1540 2632 1584 ne·-

248 1605 391 1690 quit
411 1644 434 1680 ,
469 1600 649 1686 quod
674 1601 803 1663 hoe
833 1598 1036 1680 ipsum
1067 1598 1189 1661 suis
1231 1598 1571 1677 Apostolis
1610 1597 1942 1662 tradiderit
1975 1640 1999 1677 2
2043 1599 2110 1663 hi
2138 1620 2302 1671 vero
2329 1600 2397 1665 id
2425 1603 2632 1687 ipsum

251 1704 443 1772 quam
472 1684 716 1765 optime
736 1682 1190 1748 intellexerint.
1232 1684 1332 1745 Ex
1357 1681 1452 1744 his
1486 1680 1676 1745 facile
1703 1681 1976 1767 quisque
2000 1682 2413 1765 intellexerit,
2434 1705 2634 1772 quan-

250 1782 391 1832 tum
422 1765 793 1831 discriminis
830 1765 999 1827 inter
1028 1763 1418 1841 PontificeS,
1465 1764 1526 1827 &
1552 1764 1908 1846 Episcopos
1936 1764 2292 1837 intercedat
2322 1810 2347 1847 ·,
2384 1791 2508 1853 qua
2536 1791 2633 1833 ra-

249 1851 433 1915 tione
464 1863 574 1913 lma
611 1871 645 1913 ο
673 1849 848 1924 carim
869 1845 1216 1928 perfeffius
1254 1849 1540 1909 reluceat
1576 1846 1644 1909 in
1672 1845 2098 1913 Pontificibus
2123 1889 2147 1926 2
2195 1869 2385 1932 quam
2436 1855 2631 1937 longe

251 1932 524 2013 amplior
562 1869 822 1995 fflorum
853 1929 928 1991 fit
953 1926 1320 2007 jurisdiftio
1352 1969 1375 2007 2
1421 1927 1594 1992 &ita
1626 1931 1943 1994 Primatus
1966 1933 2313 1998 Pontificis'
2345 1936 2411 1999 in
2450 1936 2628 2001 salvo

250 2025 519 2079 maneat.
603 2015 836 2095 Neque
862 2010 1106 2089 officit,
1137 2009 1319 2095 quod
1349 2009 1653 2076 Pontifex
1684 2011 2069 2098 designando
2099 2017 2358 2097 plebem
2396 2019 2634 2103 ipsam,

249 2095 777 2185 Jurisdistionem
800 2093 1104 2158 conferre
1130 2091 1466 2172 videatur,
1509 2114 1658 2160 nam
1689 2093 2037 2180 delignatio
2075 2099 2281 2180 plebis
2311 2114 2389 2166 ut
2431 2102 2634 2185 pluri-

251 2199 430 2257 mum
459 2177 873 2243 collationem
900 2174 1260 2255 antecedit,-
1292 2177 1354 2241 δε
1378 2176 1457 2238 fit
1484 2181 1595 2242 vel
1631 2199 1748 2259 per
1779 2180 2172 2246 electionem
2201 2223 2223 2263 ³
2248 2186 2357 2248 vel
2389 2182 2635 2250 confir-

251 2261 604 2323 mationem
628 2299 651 2336 ,
679 2257 805 2336 ipsa
832 2270 1046 2320 autem
1076 2257 1445 2343 Jurisdic‘tio
1477 2262 1820 2325 confertur
1854 2263 1922 2324 vi
1955 2263 2452 2333 consecrationis
2478 2268 2633 2350 Epi-

251 2341 472 2422 scpalis
489 2382 514 2419 ι,
536 2343 647 2405 cui
672 2338 952 2403 Christus
975 2339 1141 2403 haud
1169 2339 1344 2403 secus
1444 2344 1676 2418 testatem
1691 2342 2084 2425 iurisdiffiom's,
2150 2365 2297 2411 uam
2320 2351 2528 2415 Ordinis
2545 2354 2632 2415 al-

252 2424 492 2508 ligavit.
606 2428 830 2504 ltaque
854 2421 1115 2505 quando
1150 2355 1442 2486 Eccleffg
1476 2423 1636 2488 fines
1671 2424 2076 2493 Dioecefium
2151 2431 2525 2511 eterminat0
2571 2434 2634 2499 δε
2721 2454 2725 2459 “

245 2506 429 2587 juxm
458 2507 622 2571 bene
669 2504 930 2597 lacitum
961 2503 1143 2567 suum
1170 2505 1336 2571 inter
1358 2505 1716 2588 Episcopos
1749 2506 1980 2574 dividit
2001 2549 2025 2589 7
2054 2512 2215 2580 nihil
2243 2512 2395 2581 facit
2430 2515 2630 2595 aliud,

298 2607 445 2652 uam
478 2608 612 2672 quo
681 2583 1114 2666 jurisdisstioni
1139 2590 1251 2651 vel
1280 2587 1408 2667 jam
1437 2591 1699 2655 collatae
1726 2629 1751 2669 ³
1791 2594 1903 2656 vel
1924 2592 1988 2654 vi
2037 2614 2153 2661 ore
2191 2597 2454 2664 Ordinis
2480 2600 2636 2685 Epi-

253 2611 519 2751 ?copalis
544 2668 961 2735 conferendae
991 2669 1101 2732 det
1132 2670 1505 2753 objefitum,
1543 2672 1608 2736 in
1683 2672 1822 2738 uod
1847 2675 1970 2756 Epi
1999 2697 2204 2760 copus
2241 2679 2415 2747 suam
2441 2683 2634 2765 juris-

254 2752 607 2819 distionem
634 2771 938 2816 exercere
968 2756 1160 2820 valet.
1251 2754 1458 2831 Illud,
1493 2775 1625 2839 quo
1701 2757 1841 2821 Leo
1862 2761 1955 2823 M.
1984 2758 2065 2825 de
2089 2761 2488 2830 institutione
2509 2770 2638 2831 Ec-

254 2834 588 2902 clesmrum
619 2833 824 2900 afferit
847 2874 872 2914 ³
926 2835 992 2900 in
1025 2835 1206 2901 sensu
1239 2837 1442 2902 obvio
1473 2858 1607 2901 non
1651 2840 1829 2920 poffe
1851 2841 2066 2924 accipi
2112 2865 2195 2909 ex
2226 2847 2410 2928 supra
2447 2848 2635 2916 distis

256 2917 505 2985 constat
531 2959 556 2996 9
602 2916 750 3001 quia
776 2916 1004 3002 utique
1027 2918 1334 3003 Apostoli
1361 2922 1748 2986 authoritate
1787 2929 1821 2985 a
1847 2924 2100 2991 Christo
2136 2927 2250 2992 fibi
2286 2930 2512 2996 tradita
2537 2933 2636 2999 in·

255 3001 600 3067 stituerunt
631 2998 978 3080 Ecclesias,
1020 3002 1082 3068 &
1119 3002 1595 3069 constituerunt
1639 3004 1995 3088 Episcopos
2028 3051 2053 3090 2
2097 3029 2178 3075 ne
2226 3032 2310 3078 ue
2347 3028 2523 3082 certe
2552 3037 2635 3083 ex

255 3084 528 3170 antiquis
553 3081 982 3149 Ecclefiarum
1014 3083 1422 3152 documentis
1446 3087 1699 3172 liquido
1732 3089 1980 3157 ostendi
2012 3103 2168 3174 pote
2247 3136 2270 3176 7
2299 3098 2478 3182 quod
2496 3120 2637 3166 om-

255 3186 366 3230 nes
394 3163 699 3231 Ecclesiae
718 3184 833 3244 per
858 3177 1072 3232 totum
1096 3169 1320 3234 orbem
1351 3172 1760 3237 Catholicum
1782 3170 2035 3239 diffusae
2054 3178 2439 3246 authoritate
2463 3186 2638 3248 Pon-

254 3249 506 3316 tificum
532 3247 770 3313 suerint
794 3249 1051 3315 crestae.
1132 3255 1216 3316 Et
1243 3251 1467 3318 demus
1496 3254 1660 3332 hoc„
1697 3275 1858 3319 anne
1892 3278 2079 3323 exeo
2115 3303 2139 3341 7
2227 3262 2365 3329 uod
2402 3266 2481 3332 ad
2509 3269 2635 3334 eri-

258 3331 526 3419 gendam
569 3349 808 3425 novam
846 3332 1196 3426 Ecclesiam
1221 3335 1586 3420 requiratur
1624 3338 1964 3405 consensus
1995 3286 2373 3429 Pontiffici39
2412 3350 2638 3419 inferri

258 3414 517 3497 potest,
559 3410 743 3498 quod
773 3413 900 3496 ipsa
934 3427 1123 3479 etiam
1157 3416 1531 3504 Jurisdistio
1567 3420 1955 3504 Episcopalis
1982 3431 2016 3490 a
2049 3429 2372 3496 Pontifice
2413 3434 2639 3501 imme-

261 3497 428 3564 diate
459 3494 860 3581 dependeat?
905 3509 1115 3565 textus
1147 3521 1229 3567 ex
1250 3502 1750 3651 Leonzallatus
1766 3508 1995 3589 probat
2017 3511 2320 3583 nimium:
2346 3517 2643 3604 loquitur

1538 3602 1577 3672 3
2466 3600 2644 3669 enim
