2970 3918
945 148 1060 226 De
1091 86 1486 223 Hierarrhia
1516 142 1942 238 Ecclesiastica.'
2503 163 2528 214 ι
2546 155 2584 223 8
2595 165 2630 229 5

253 302 552 386 plurimae
582 297 1126 389 congregationes
1151 296 1415 365 noviter
1441 298 1717 377 mestas,
1752 296 1815 363 &
1842 290 2227 361 Monasteria
2250 294 2285 357 a
2310 290 2637 360 Pontifice

254 387 405 454 Sedi
436 389 506 451 A
553 384 844 458 ostoliqoe
868 382 1233 448 immediate
1257 380 1557 462 subjesta.
1642 380 1866 447 Causas
1891 379 2116 443 harum
2139 375 2640 458 ‘exemptionum

253 471 457 534 varias
540 480 645 532 ant
676 467 836 533 varii
858 465 1159 529 authores
1192 486 1207 527 z
1253 466 1512 548 quidam
1538 483 1676 547 eam
1701 461 2065 529 refundunt
2090 463 2157 525 in
2176 458 2594 535 ambitionem
2612 502 2636 539 a

255 551 647 635 superbiam,
678 547 740 616 &
766 545 1075 632 ‘regnandi
1099 544 1435 612 libidinem
1459 548 1742 627 ipsorum
1769 545 2102 610 Abbatum
2119 541 2642 625 jurisdiffionem

252 634 696 717 Episcopalem
723 629 908 695 velut
932 627 1585 711 perhorrescentium.
1667 629 1807 694 Alii
1841 629 1908 694 in
1931 627 2218 711 ipsorum
2239 626 2642 695 Pontificum

254 716 707 791 ambitionem,
747 713 1023 797 quibuS‚
1057 722 1134 776 ut
1165 711 1344 792 ajunt
1366 749 1393 792 2
1430 712 1590 776 nihil
1631 730 1731 777 ma
1775 712 1826 776 is
1857 709 2046 778 cordi
2086 722 2260 791 erat,
2313 730 2508 797 quam
2537 710 2643 790 ju·

250 796 694 887 risdiffionem
717 794 1194 876 Episcopor'um
1230 795 1623 876 supprimere
1648 832 1672 874 ,
1749 812 2042 881 uumque
2084 795 2488 860 dominatum
2522 814 2644 876 per

252 896 523 967 omnem
553 878 784 943 orbem
815 869 1180 942 diffundere
1199 916 1221 955 a
1271 890 1466 962 atque
1493 878 1782 963 regimen
1819 879 2006 944 suum
2035 879 2534 944 Monarchicum
2575 879 2643 944 in

250 958 627 1036 Hierarchia
651 956 1092 1027 Ecclesiastica
1118 960 1311 1044 magis
1346 958 1540 1044 magis
1591 980 1676 1024 ue
1702 964 2162 1037 corroborare.
2246 959 2387 1027 Alii
2428 962 2495 1024 in
2537 961 2643 1024 ab·

250 1048 437 1113 usum
462 1043 791 1127 potestatis
811 1042 1206 1126 Episcopalis
1223 1082 1246 1120 7
1285 1060 1366 1106 eo
1396 1063 1529 1127 quo
1600 1043 1903 1126 Episcopi
1930 1046 2217 1130 regimen
2240 1043 2644 1128 despoticum

254 1134 322 1198 in
346 1126 730 1196 Monasteria
757 1145 1064 1192 exercere
1081 1168 1105 1207 2
1137 1126 1244 1190 illa
1269 1123 1603 1190 excessivis
1636 1126 2079 1193 exaffionibus
2102 1144 2491 1212 emungere,
2529 1143 2645 1192 eo-

254 1229 532 1298 rumque
565 1209 710 1292 jura
740 1208 977 1275 mirum
1009 1210 1077 1274 in
1111 1206 1384 1288 modum
1412 1209 1710 1288 turbare,
1762 1222 1870 1274 aut
1892 1210 2150 1291 penitus
2172 1221 2475 1275 evertere
2507 1228 2646 1276 non

254 1296 573 1363 desierint.
653 1291 880 1370 Absit,
920 1300 1011 1367 ut!
1042 1290 1159 1357 seu
1199 1291 1315 1356 uni
1341 1328 1364 1370 5
1404 1290 1515 1356 seu
1545 1291 1729 1356 alteri
1754 1310 1836 1358 ex
1869 1292 1968 1357 his
1995 1290 2323 1359 sententiis
2352 1292 2647 1360 nostrum

251 1378 560 1445 ass'ensum
600 1375 1022 1458 praebeamus,
1143 1374 1413 1462 Interim
1456 1392 1592 1439 non
1641 1371 1868 1439 desunt
1907 1376 2241 1457 exempla>
2289 1394 2370 1441 ex
2411 1378 2647 1463 quibus

249 1457 512 1547 probari
538 1457 788 1541 potest,
837 1457 1019 1542 quod
1063 1455 1406 1543 aliquoties
1442 1457 1832 1523 Monasteria
1863 1477 1939 1522 ea
1978 1457 2345 1524 intentione
2379 1455 2648 1526 fundata

250 1547 411 1627 tint,
453 1558 533 1610 ut
569 1538 936 1636 immediate
963 1541 1111 1608 Sedi
1141 1540 1512 1606 Pontificiae
1537 1539 2050 1623 subjicerentur,
2093 1541 2648 1627 quemadmodum

249 1628 333 1695 de
346 1626 742 1695 Monasteno
761 1625 1183 1690 Chuniacenfi
1203 1624 1477 1704 constat,
1496 1624 1682 1706 cujus
1701 1625 2210 1707 exemptionem,
2233 1623 2391 1691 dum
2417 1628 2477 1692 S.
2493 1631 2649 1693 Ber*

249 1710 484 1796 nardus
526 1708 1015 1789 exemptionum
1055 1706 1206 1772 osor
1235 1709 1546 1773 maximus
1585 1708 2015 1772 vehementer
2056 1706 2470 1792 impugnabat
2502 1751 2526 1790 2
2580 1707 2651 1775 id

249 1792 457 1878 ipsum
477 1792 1043 1859 aCluniacenfibus
1069 1791 1183 1872 ipsi
1198 1787 1323 1855 fuit
1345 1789 1929 1876 opposituimquod
1948 1787 2292 1876 aliquoties
2307 1791 2652 1873 ipfiPonti-

249 1880 408 1943 fiees
438 1895 519 1942 ex
538 1874 952 1960 singularibus
976 1870 1235 1955 prorsus
1256 1873 1610 1937 rationibus
1632 1871 1929 1956 quaedam
1944 1869 2334 1939 Monasteria
2365 1874 2480 1940 sibi
2503 1876 2652 1941 sub·-

244 1958 560 2043 jecerint‚
596 1959 694 2022 uti
733 1957 966 2020 scimus
1008 1951 1090 2020 de
1117 1954 1514 2025 Monasterio
1551 1952 1930 2033 Caffinenfi,
1968 1957 2152 2041 quod
2176 1955 2531 2024 Pontifices
2569 1958 2650 2024 ab

251 2044 429 2110 omni
461 2035 918 2122 jurisdistione
964 2036 1332 2123 Episcopali
1389 2047 1769 2103 exemerunt
1819 2050 1961 2102 tum
2001 2039 2090 2104 ob
2123 2039 2384 2126 insignia
2419 2044 2650 2108 merita

243 2130 309 2194 S.
335 2121 710 2211 Benedisti,
745 2119 808 2188 &
833 2121 1167 2187 Abbatum
1198 2123 1371 2187 illius
1397 2119 1825 2187 celeberrimi
1847 2117 2262 2204 Monasterii,
2292 2134 2431 2189 tum
2465 2125 2657 2211 quod.

245 2210 361 2292 ipsi
383 2205 741 2275 Pontifices
765 2203 928 2268 illud
950 2203 1073 2268 suis
1099 2201 1456 2286 sumptibus
1477 2202 1559 2268 de
1580 2222 1766 2269 novo
1791 2202 2232 2272 restaurassent
2247 2248 2271 2288 ³
2299 2217 2441 2273 tum
2467 2208 2651 2295 quod

246 2289 602 2357 Pontifices
638 2287 729 2352 ibi
771 2285 941 2366 saepe
982 2300 1200 2351 tutum
1241 2283 1482 2373 asylum
1523 2284 1921 2366 reperiffent.
2033 2291 2161 2354 Hae
2197 2294 2648 2374 exemptiones

245 2370 595 2441 necessario
626 2365 892 2456 grandes
927 2371 1246 2432 tumultus
1276 2368 1342 2431 in
1363 2368 1651 2434 Ecclesia
1679 2370 1959 2433 excitare
1997 2367 2384 2440 debuerunt.
2473 2376 2648 2441 Scri-

244 2459 505 2541 pserunt
545 2463 774 2519 contra
815 2468 919 2515 eas
956 2451 1107 2515 Viri
1132 2447 1492 2518 sanstiffimi
1520 2451 1853 2533 praecipue
1889 2451 1953 2517 S.
1981 2454 2380 2536 BernarduS,
2430 2457 2491 2523 &
2521 2462 2642 2525 Pe-

243 2555 379 2606 trus
401 2535 748 2614 Blesensis2
790 2551 927 2618 quo
955 2544 1167 2599 tamen
1191 2553 1327 2601 non
1358 2529 1646 2599 obstante
1682 2553 1764 2599 ex
1788 2531 1934 2617 post
1958 2546 2139 2603 totus
2175 2539 2366 2605 Ordo
2405 2541 2642 2608 Cister-

241 2620 469 2690 cienfis
515 2621 593 2685 ab
637 2618 1036 2709 xInnocentio
1080 2618 1205 2685 IV.
1254 2615 1674 2700 pleniflimam
1717 2615 2087 2701 impetravit
2134 2623 2642 2706 exemptionem.

243 2701 602 2789 Conquesti
640 2699 787 2768 sunt
815 2711 1045 2767 contra
1074 2702 1519 2783 exemptiones
1560 2697 1906 2784 Episcopi,
1944 2701 2214 2789 suasque
2246 2711 2536 2792 querelas
2574 2712 2643 2775 in

242 2788 433 2855 variis
462 2783 775 2879 Conciliis
817 2785 1218 2871 generalibus
1262 2783 1742 2866 deposuerunt,
1773 2783 2019 2852 &ideo
2052 2787 2132 2852 de
2158 2788 2233 2853 iis
2259 2788 2640 2867 restringen-

241 2871 377 2952 dis,
432 2862 858 2953 abrogand1s5
910 2868 1243 2934 abolendis
1295 2886 1381 2933 ue
1427 2869 1493 2932 in
1530 2866 1842 2934 Conciliis
1878 2870 2282 2953 Viennensi„
2331 2865 2640 2943 Constans

234 2953 461 3034 tiensi,
487 2949 889 3048 Lateranenfi
913 2950 1006 3017 V.
1032 2952 1094 3019 &
1115 2892 1509 3019 Tridentino
1547 2952 1854 3017 acerrime
1877 2953 2092 3019 astum
2124 2955 2249 3020 fuit
2281 2956 2318 3040 ζ
2331 2979 2363 3020 a
2380 2956 2440 3042 ).
2498 2963 2637 3026 Ab·

236 3039 315 3104 fit
347 3044 383 3104 a
415 3037 602 3101 nobis
627 3075 652 3115 ‚
685 3046 762 3101 ut
794 3029 1071 3101 nostram
1099 3035 1289 3119 super
1319 3033 1838 3117 exemptionibus
1881 3049 2169 3102 mentem
2215 3037 2636 3110 declaremus.

233 3126 392 3189 Hoc
425 3120 669 3185 interea
696 3127 955 3183 certum
991 3115 1118 3199 est,
1161 3118 1344 3206 quod
1379 3115 1616 3185 exinde
1648 3118 1998 3185 authoritas
2027 3120 2360 3188 Abbatum
2402 3128 2638 3194 mirum

233 3205 306 3270 in
336 3202 607 3270 modum
636 3202 922 3268 creverit
949 3219 1182 3268 eorum
1219 3203 1532 3283 maxime,
1574 3201 1686 3298 qui
1730 3219 1866 3267 non
1903 3215 2150 3269 tantum
2182 3209 2216 3270 a
2236 3207 2634 3287 jurisdiffio-

236 3309 318 3354 ne
351 3284 715 3380 Episcopali
740 3282 1009 3381 suerunt
1043 3286 1364 3371 exempti,
1394 3285 1503 3349 sed
1533 3282 2272 3367 enamjurisdistionem
2296 3295 2634 3379 quassEpi·

231 3373 559 3456 scopalem
588 3388 655 3436 m
682 3367 808 3435 suis
839 3367 1226 3438 distnstibus
1264 3369 1325 3438 &
1357 3367 1701 3519 tegitoriis
1735 3370 2180 3439 obtinuerunt.

1505 3472 1539 3516 a
2370 3458 2545 3524 Prce-

230 3540 316 3609 (ι)
352 3542 424 3591 De
448 3534 811 3603 exemptionibus»
840 3534 1049 3591 fufiffine
1067 3550 1210 3607 agnat
1226 3536 1551 3602 Thomafinus,
1569 3541 1676 3593 Van
1695 3535 1837 3608 Effert
1851 3571 1868 3604 ,
1896 3540 2044 3596 Petrus
2070 3537 2127 3594 de
2143 3544 2311 3605 Mans,
2337 3543 2514 3611 aliique.
