2970 3918
1125 192 1240 270 De
1266 161 1449 270 Siata
1473 189 1761 287 Ecclefiae.
2545 202 2639 275 89

255 328 489 418 bilibus
508 388 532 426 9
562 350 959 427 illorumque
980 343 1166 403 usum
1193 344 1307 403 sub
1324 341 1850 405 interminatione
1866 331 2080 418 poenae
2104 345 2370 400 aeternae
2400 355 2644 418 praece-

256 438 352 518 'pit
385 473 409 510 9
462 431 688 513 hisque
726 430 915 491 velut
955 434 1059 485 tot
1094 422 1524 487 fundamentis
1566 422 1740 485 suam
1778 420 2133 486 Ecclesiam
2175 418 2645 501 superaedifica-

254 518 375 581 vit.
392 514 501 600 (a)
543 507 865 588 Praecepit
889 502 1310 569 dilectionem
1349 504 1621 570 inimicis
1700 503 1823 584 b)9
1862 502 2224 567 libertatem
2252 501 2440 566 dandi
2461 502 2645 566 libel-

256 605 396 664 lum
416 593 672 674 repudii
699 586 947 665 sustulit
971 625 997 663 9
1024 586 1087 649 &
1105 586 1435 670 abrogavit
1454 628 1478 665 9
1509 598 1584 650 ut
1603 587 1669 650 ni
1717 586 1763 649 il
1792 584 2076 651 dicamus
2108 583 2190 649 de
2220 585 2356 650 aliis
2370 585 2641 670 legibus.

255 687 490 764 Neque
520 673 788 738 dubium
827 668 954 732 effe
990 667 1202 747 potest
1228 709 1252 746 9
1290 670 1448 753 quin
1467 671 1686 751 plures
1719 666 1865 733 alias
1901 671 2077 753 leges
2098 708 2120 747 9
2154 687 2305 752 quae
2329 687 2466 732 non
2494 669 2641 734 sunt
2698 743 2700 746 .

257 763 511 841 scriptae
528 761 582 819 in
604 753 741 817 libro
760 751 886 825 boc,
910 750 1135 813 tulerit
1150 789 1171 826 9
1197 771 1350 834 quas
1374 770 1494 832 per
1514 749 1929 815 traditionem
1959 751 2037 815 ad
2062 771 2183 815 nos
2205 771 2414 835 usque
2431 757 2647 816 atem-

252 861 420 928 pore
441 831 920 918 Apostolorum
943 830 1299 896 tradustam
1325 833 1713 913 accepimus,
1792 834 2021 917 Atque
2046 835 2209 898 hanc
2232 833 2423 915 ipsam
2456 845 2646 916 pote-

251 926 478 991 statem
504 916 826 983 transtulit
848 915 916 978 in
942 915 1091 978 suos
1122 913 1485 996 Apostolos
1521 939 1536 978 z
1581 915 1701 980 hos
1734 915 1907 979 enim
1940 917 2187 1003 fingulari
2220 921 2497 982 vocatione
2519 938 2645 982 vo·-

254 1006 430 1083 cavit
458 1026 474 1068 t
518 1002 642 1066 hos
660 1003 790 1079 mifit
812 1045 831 1073 ,
856 997 1283 1082 quemadmodum
1314 1002 1412 1140 isse
1449 1000 1609 1078 miffar
1633 1000 1668 1059 ὰ
1697 1005 1856 1060 Patre
1882 1002 2104 1079 suerat:
2149 997 2245 1061 his
2295 999 2469 1062 claves
2500 1005 2647 1088 regni

252 1090 501 1156 coelorum
530 1131 548 1160 ,
568 1083 875 1171 potestatem
907 1077 1133 1165 ligandi,
1159 1075 1234 1152 &
1257 1082 1314 1158 so
1339 1080 1492 1155 vendi
1530 1078 1932 1162 consignavit
1958 1120 1979 1157 9
2017 1079 2111 1143 his
2152 1081 2504 1145 Ecclesiam
2539 1103 2642 1147 re-

254 1168 524 1259 gendam
546 1161 908 1231 commilit:
954 1160 1177 1244 ecquis
1209 1161 1383 1223 enim
1419 1171 1547 1223 tam
1580 1161 1953 1224 temerarius
1992 1164 2115 1224 erit
2144 1203 2166 1238 9
2209 1177 2284 1226 ut
2331 1163 2596 1228 credat...
2613 1203 2643 1244 9-

303 1250 443 1320 uod
465 1245 773 1330 Apostoli
803 1243 937 1306 fine
970 1244 1283 1322 potestate
1315 1242 1429 1304 fibi
1454 1242 1682 1306 tradita
1710 1242 2025 1308 Ecclesias
2056 1243 2443 1309 instituerint
2464 1286 2487 1324 9
2511 1250 2649 1311 Re-

328 1352 480 1400 ores
501 1332 759 1398 illarum
800 1324 1253 1392 constituerint
1283 1366 1306 1406 9
1346 1336 1450 1389 tot
1488 1325 1927 1394 ordinationes
1967 1324 2240 1391 fecerint
2261 1369 2284 1408 9
2322 1339 2516 1414 atque
2549 1350 2650 1397 re-

254 1421 467 1504 gimen
499 1408 815 1479 Ecclesiae
852 1411 1005 1471 ausu
1031 1409 1375 1473 temerario
1415 1407 1850 1488 affumpserint
1872 1412 1901 1472 ’ἑ
2396 1446 2399 1449 »

418 1502 504 1564 Et
534 1494 846 1591 quoniam
873 1511 1013 1574 pars
1038 1491 1297 1556 adversa
1321 1491 1386 1556 se
1412 1492 1746 1572 praecipue
1776 1492 1841 1556 in
1880 1494 2140 1555 societate
2169 1511 2205 1554 ι
2242 1493 2349 1556 uali
2392 1491 2648 1576 fundat,

256 1581 472 1668 paucis
515 1573 1021 1660 dispiciendum9
1057 1592 1213 1639 num
1239 1575 1521 1639 Christus
1539 1575 1870 1640 Dominus
1896 1575 2088 1636 talem
2118 1573 2182 1636 in
2243 1574 2481 1640 itueiit.
2526 1581 2650 1641 Ita-

261 1687 390 1751 que
425 1663 474 1727 si
506 1660 791 1727 Christus
824 1677 1049 1721 omnes
1080 1658 1203 1721 ess'e
1222 1660 1503 1743 aequales
1533 1657 1750 1722 voluit
1780 1699 1804 1740 9
1848 1657 1926 1723 ad
1956 1655 2115 1741 quid
2151 1658 2513 1741 Apostolos
2546 1666 2655 1744 fin..

298 1748 434 1811 ulari
457 1748 733 1808 vocatione
759 1760 1000 1805 vocare
1022 1741 1239 1804 voluit
1255 1782 1286 1820 9
1331 1761 1451 1804 cur
1480 1740 1629 1805 illos
1661 1742 1833 1806 solos
1881 1739 1959 1803 ad
1996 1738 2376 1822 predicandum
2407 1750 2656 1828 Evange-

254 1770 382 1895 ἔφη
413 1826 627 1904 mifit9
669 1824 813 1905 ipsis
843 1823 992 1886 solis
1025 1844 1205 1886 curam
1231 1823 1384 1886 ovilis
1405 1823 1765 1903 commisit9
1802 1821 2185 1904 potestatem
2210 1825 2503 1895 remittendi
2525 1839 2652 1909 pec-

257 1922 378 1975 cata
419 1906 925 1975 communicavit
952 1946 976 1982 9
1014 1922 1135 1966 cur
1159 1903 1332 1967 solos
1364 1905 1759 1985 Episcopos9
1794 1905 2220 1989 Presbyteros
2247 1942 2270 1981 9
2312 1903 2373 1969 &
2404 1905 2653 1969 Diaco-

259 2012 379 2057 nos
403 1989 697 2076 singulari
725 1989 859 2054 ritu
885 2005 1002 2067 pei:
1025 1986 1506 2066 impositionem
1539 2007 1844 2052 manuum
1885 1987 1961 2050 ad
1992 1987 2175 2050 suum
2218 1986 2649 2055 Ministerium

257 2076 475 2140 affumi
495 2077 805 2155 praecepit
827 2110 849 2148 9
883 2087 1079 2154 quare
1110 2067 1224 2149 ipsi
1255 2070 1375 2134 soli
1406 2071 1637 2150 primas
1671 2082 2025 2136 tenuerunt
2052 2070 2119 2133 in
2146 2069 2458 2133 Conciliis
2491 2072 2646 2154 (ο),
2726 2129 2731 2133 .

253 2157 374 2221 soli
401 2154 876 2222 constituerunt
909 2171 1028 2233 per
1049 2151 1318 2236 singulas
1342 2153 1657 2218 Ecclesias
1693 2154 1889 2218 Presb
1938 2165 2114 2218 teros
2143 2152 2313 2217 &cssss
2358 2152 2404 2215 fi
2436 2153 2651 2218 dicant

253 2242 399 2304 haec
427 2238 644 2302 omnia
667 2237 728 2300 δι
755 2236 997 2320 singula
1041 2253 1175 2297 non
1207 2234 1324 2299 nisi
1354 2236 1736 2316 potestatem
1759 2240 1870 2300 dire
1918 2243 2065 2301 ivam
2100 2277 2122 2314 9
2170 2234 2542 2319 neutiquam
2566 2239 2647 2303 le-

248 2323 583 2408 gislatorum
612 2334 881 2402 arguere
898 2357 920 2394 9
945 2315 1249 2396 profesto
1278 2336 1503 2395 parum
1533 2330 1642 2382 aut
1664 2319 1824 2383 nihil
1852 2316 2078 2382 dicunt
2101 2358 2123 2395 9
2172 2316 2486 2412 siquidem
2528 2320 2650 2383 im-

256 2396 678 2485 perceptibile
712 2397 805 2462 est
831 2439 855 2476 9
940 2397 1078 2461 uod
1116 2400 1484 2479 ampliffima
1513 2400 1622 2463 illa
1641 2399 1917 2483 potestas
1957 2398 2298 2480 Apostolis
2327 2401 2649 2482 conceffa9

258 2487 321 2551 &
348 2484 482 2548 sine
505 2485 638 2546 ulla
660 2494 887 2546 contra
936 2480 1181 2545 istione
1208 2482 1284 2545 ab
1315 2482 1437 2547 illis
1466 2482 1793 2547 liberrime
1831 2482 1897 2545 in
1931 2482 2119 2546 usum
2159 2481 2436 2551 dedueui
2484 2504 2646 2549 con-

256 2567 438 2631 sultis
482 2564 833 2628 sanioribus
861 2563 1297 2644 Philosophiae
1338 2565 1400 2629 &
1444 2563 1980 2651 Jurisprudentioe
2021 2564 2260 2650 regulis
2310 2607 2332 2645 9
2372 2567 2646 2634 maxime

255 2651 304 2715 ss
336 2670 409 2713 ea
438 2648 652 2712 omnia
683 2688 712 2726 ,9
749 2664 900 2731 quae
924 2647 1234 2726 Apostoli
1262 2647 1641 2712 ordinarunt
1675 2690 1699 2728 9
1748 2650 1809 2714 δι
1846 2647 2295 2727 disposuerunt
2344 2649 2409 2712 in
2441 2669 2648 2715 unum

255 2731 467 2797 veluti
492 2733 832 2795 cumulum
855 2729 1322 2810 conjiciantur9
1345 2730 1546 2795 fuerit
1575 2751 1751 2797 mera
1768 2731 2047 2812 potestas
2070 2731 2316 2796 direfflva
2333 2733 2511 2798 omni
2531 2735 2648 2798 im-

257 2814 443 2897 perio
474 2810 790 2878 destituta.
878 2812 1153 2878 Ubinam
1180 2824 1495 2878 terrarum
1530 2813 1638 2877 illa
1665 2821 1923 2887 Societas,
1958 2815 2025 2878 in
2059 2833 2184 2898 qua
2216 2831 2289 2879 ea
2330 2814 2422 2881 est
2458 2829 2645 2898 pote-

257 2899 377 2964 stas
411 2895 774 2969 Direfforum,
808 2906 884 2958 ut
914 2894 1056 2978 ipsis
1084 2897 1234 2960 solis
1258 2916 1394 2961 non
1437 2896 1746 2961 consultis
1779 2896 1967 2960 sociis
1989 2896 2093 2975 jus
2121 2899 2374 2979 aequale
2410 2898 2646 2963 haben-

258 2983 432 3044 tibus
466 2977 682 3040 omnia
712 2978 771 3041 &
801 2977 1042 3071 sing-ula
1073 2978 1410 3058 oidinare9
1441 2978 1815 3061 disponere9
1840 2981 2065 3043 statuta
2081 2976 2370 3044 condere
2393 3020 2417 3060 9
2447 3002 2647 3069 nego-

259 3066 346 3127 tia
371 3060 631 3143 publica
678 3059 1004 3140 privative
1041 3061 1480 3127 ‘administrare
1516 3104 1540 3140 9
1594 3065 1654 3129 &
1689 3063 2088 3148 Magistratus
2135 3063 2531 3130 constituere
2568 3068 2644 3131 li-

257 3157 402 3211 ceat
429 3148 458 3206 ’ἐ
546 3145 622 3206 In
662 3142 959 3207 omnibus
997 3146 1185 3209 Colle
1228 3146 1300 3210 iis
1330 3187 1352 3224 9
1392 3146 1454 3210 &
1487 3147 1824 3209 societatibus
1868 3146 2144 3229 aequalibus
2181 3165 2260 3209 ex
2304 3153 2642 3216 communi

258 3225 435 3311 praxi
455 3266 477 3303 9
516 3223 986 3290 consuetudine
1008 3227 1068 3291 &
1089 3164 1488 3292 obsgervantia
1506 3227 1603 3289 fre
1651 3226 1982 3295 uentiores
2006 3226 2322 3293 habentur
2350 3251 2642 3297 conven-

259 3325 363 3376 tus
391 3350 413 3390 9
459 3309 520 3373 &
544 3309 612 3372 in
639 3308 735 3373 his
775 3311 1108 3374 communi
1151 3309 1449 3397 suffragio
1502 3251 1851 3375 tragzantur
1886 3309 2143 3395 negotia
2173 3353 2195 3393 9
2253 3311 2645 3383 deciduntur

1399 3396 1473 3459 M
2493 3421 2642 3465 cau-

241 3506 331 3563 ·(a)
370 3499 516 3554 Math,
539 3509 621 3556 28.
648 3516 693 3548 v.
713 3514 726 3546 ι
743 3508 789 3556 g.
854 3499 943 3562 (b)
982 3498 1120 3551 Math.
1133 3518 1187 3562 4.
1213 3516 1258 3548 v.
1273 3515 1354 3560 55.
1390 3500 1585 3566 Diligite
1607 3500 1827 3556 inimicos
1854 3495 2026 3565 vestm.
2061 3501 2211 3550 Marc.
2234 3515 2314 3558 ιο.
2353 3515 2400 3551 v.
2417 3518 2467 3566 4·
2487 3504 2654 3571 Moysis

266 3638 344 3705 (c)
385 3568 594 3699 garnies·
606 3565 796 3630 scribere
824 3566 1015 3619 libellum
1037 3568 1233 3633 repudii.
1250 3567 1340 3623 σε.
