2970 3918
334 205 464 265 150
1029 229 1031 231 -
1121 182 1318 274 Caput
1349 180 1434 253 11.
1489 188 1556 268 5.
1592 181 1794 254 VIII.

323 353 435 394 cum
452 333 703 418 potestate
730 322 915 414 Legati
942 331 978 391 ῐι
1005 340 1196 395 Latere
1224 333 1482 397 mittere
1503 323 1747 410 solent,
1787 328 1990 417 quam
2020 329 2366 403 clausulam
2386 339 2702 411 ‘'commu'-

321 415 463 477 nius
490 412 721 475 addere
763 410 1012 491 solent,
1060 414 1106 475 fi
1149 415 1298 478 viva
1335 433 1506 479 voce
1545 415 1933 500 legationem
1980 415 2383 492 demandent:
2471 423 2582 486 De
2607 427 2707 492 his

322 499 672 584 quaeritur,
695 490 855 584 quid
887 494 1055 559 inter
1085 495 1254 576 ipsos
1282 539 1305 577 9
1326 499 1397 575 ,δι
1431 500 1708 583 Legatos
1747 506 1780 562 a
1815 502 2015 565 latere
2036 500 2334 567 intersit?
2366 521 2444 565 an
2472 516 2703 588 nempe

318 579 539 640 eadem
580 573 944 653 jurisdistio
977 618 1000 656 9
1036 578 1259 644 eadem
1295 579 1629 666 dignitatis
1656 583 2139 663 praeeminentia
2175 605 2330 666 cum
2369 586 2505 651 aliis
2543 588 2705 668 juria«

320 661 434 722 bus
462 668 789 738 competat
822 698 844 735 9
877 679 1027 743 quae
1058 662 1309 746 Legatis
1340 671 1375 728 a
1401 666 1594 728 latere
1625 667 1652 728 ’ἐ
1697 666 1881 731 Hanc
1915 667 2338 749 quaestionem
2352 673 2701 735 'accuratis-

315 741 468 804 s1me
504 781 527 818 9
587 742 649 805 &
686 741 1057 807 solidiffime
1097 743 1355 811 discutit
1387 747 1634 811 Clariff.-
1661 749 1732 811 P.
1762 750 1927 830 Engl
1955 749 2063 834 (a)
2087 791 2109 828 9
2157 751 2422 815 afferens
2458 770 2495 831 9
2521 756 2704 837 q-uod

310 836 565 886 ‘tantum
591 822 834 888 intersit
863 827 1033 891 inter
1064 827 1378 912 Legatum
1410 834 1444 892 a
1477 832 1676 893 latere
1702 869 1726 908 9
1752 831 2165 897 &Nuntium
2201 851 2362 897 cum¹
2385 837 2701 915 potestate

314 912 348 970 a
373 909 577 999 latere
605 948 628 986 9
665 921 978 997 quantum
1009 911 1272 975 interest
1306 912 1476 976 inter
1504 913 1688 977 illurn
1724 952 1747 991 9
1795 914 1906 996 qui
1939 914 2128 977 habet
2159 911 2699 997 potestatemon

314 987 625 1054 dnariam
649 1030 672 1067 9
721 994 831 1055 vel
868 991 1309 1059 demandatam
1347 995 1408 1063 &
1443 1013 1580 1059 non
1617 994 1732 1058 nisi
1770 995 1838 1059 in
1867 1011 2050 1061 certo
2080 998 2260 1061 sensu
2298 996 2700 1068 ordinariam

313 1091 371 1135 e.
387 1091 444 1157 g.
462 1073 630 1135 inter
640 1074 1060 1156 Episcopum,
1082 1077 1483 1144 &Vicarium
1502 1081 1911 1157 Generalem„
1934 1081 2044 1143 vel
2062 1083 2230 1144 inter
2244 1081 2693 1165 Principalem,

314 1155 377 1220 &
404 1160 903 1223 Procuratorem
941 1163 1302 1243 generalem
1333 1183 1365 1246 εΔ
1395 1159 1941 1244 quemadmodum
1981 1163 2177 1256 igitur
2218 1164 2284 1228 hi
2318 1168 2471 1248 tales
2506 1166 2698 1231 non..

307 1239 569 1319 poffunt
590 1258 696 1319 ea,
730 1259 879 1326 quae
929 1241 1004 1306 ad
1032 1240 1549 1328 jurisdictionem
1584 1242 2143 1309 extraordinariam
2183 1247 2510 1326 pertinent
2533 1290 2556 1329 9
2586 1251 2698 1315 vel

308 1321 456 1384 sunt
494 1323 751 1402 majoris
789 1327 1143 1406 momenti,
1185 1327 1247 1392 &
1283 1325 1540 1408 speciali
1566 1326 1896 1390 mentione
1933 1326 2224 1411 indigent
2255 1370 2278 1407 9
2318 1331 2403 1393 ita
2439 1351 2562 1396 nec
2606 1345 2697 1397 ta·-
2779 1376 2784 1377 ff

307 1405 401 1497 les
442 1406 670 1497 Nuntii
693 1426 768 1470 ea
800 1408 1059 1488 poffunt
1088 1450 1111 1488 9
1147 1428 1296 1494 quae
1325 1409 1613 1492 dignitati
1640 1407 2072 1474 Cardinalitiae
2106 1410 2175 1472 in
2223 1427 2494 1479 munere
2525 1418 2693 1501 lega-

306 1497 505 1552 tionis
530 1487 879 1568 majoribus
903 1490 1090 1556 radiis
1111 1491 1550 1573 resplendenti
1579 1510 1821 1553 annexa
1848 1491 1970 1554 effe
2011 1492 2447 1561 existimantur
2471 1539 2494 1577 9
2537 1516 2689 1583 qua·-

299 1570 388 1639 lia
419 1570 711 1664 laudatus
739 1574 1008 1637 Author
1027 1578 1210 1655 plura
1233 1576 1541 1640 recenset,
1568 1571 1688 1659 (b)
1752 1576 1982 1659 Atque
2013 1574 2158 1642 haec
2186 1574 2494 1647 sententia
2514 1581 2696 1647 vide·

305 1667 421 1719 tur
445 1654 633 1718 nobis
665 1657 932 1719 omnino
967 1658 1304 1722 veriffima.
1514 1696 1529 1708 2
2146 1726 2149 1728 ,
2495 1696 2499 1704 ‚
2582 1713 2587 1718 ι
2685 1686 2691 1691 ·

475 1737 825 1821 Agendum
844 1738 974 1818 jam
1016 1738 1170 1805 effet
1202 1741 1284 1806 de
1326 1740 1551 1805 officio
1593 1738 1654 1804 &
1683 1739 1998 1820 potestate
2042 1741 2478 1828 Legatorum:
2525 1766 2690 1832 quo-

299 1820 472 1882 niam
500 1818 778 1884 verode
804 1822 898 1889 his
923 1821 1142 1904 paffim
1168 1827 1360 1907 agunt
1392 1821 1755 1889 Canonistae
1781 1863 1804 1901 9
1827 1823 1896 1888 &
1920 1823 2016 1887 illi
2050 1829 2383 1909 praecipue
2402 1864 2425 1906 9
2464 1833 2575 1914 qui
2601 1831 2686 1896 de

298 1902 466 1987 stylo
502 1904 719 2050 (lluriae
758 1907 1077 1977 Romanae
1106 1906 1393 1978 scribunt
1419 1946 1442 1988 9
1486 1905 1840 1978 Lectorem
1885 1905 2176 1981 nostrum
2218 1911 2297 1975 ad
2328 1914 2688 1982 eosremit»

302 1996 442 2050 tere
471 2005 513 2068 p
543 1998 739 2052 acuit.
1144 2001 1150 2006 ’
1593 2035 1596 2038 -
2419 2015 2422 2019 ·

1352 2134 1435 2248 5.
1475 2133 1615 2228 ΙΧ.
1681 2169 1684 2173 ·

299 2299 615 2430 REttus
652 2300 818 2365 ordo
850 2301 1130 2383 postulat
1158 2342 1180 2382 9
1211 2313 1285 2364 ut
1313 2301 1394 2366 de
1426 2299 1811 2365 [ficariisr'sedis
1835 2299 2135 2384 Apostolicae
2154 2317 2409 2386 agamus
2429 2343 2454 2380 9
2477 2302 2514 2363 a
2539 2303 2681 2386 qui-‚

451 2386 573 2448 bus
598 2385 945 2469 Originem-
973 2392 1162 2472 Legati
1193 2389 1332 2448 Nati
1360 2383 1815 2448 derivavimus.
1922 2386 2181 2447 Horum
2219 2386 2676 2468 ergo-nomine

291 2467 567 2532 veniunt
593 2469 870 2548 Majores
896 2468 1154 2553 quidam
1185 2468 1633 2548 Metropolitae
1660 2507 1682 2543 9
1729 2465 1960 2549 quibus
1994 2466 2344 2535 Pontifices
2369 2468 2434 2529 in
2463 2466 2678 2530 diver-

291 2550 368 2614 fis
394 2551 709 2635 regnis&
747 2553 1101 2633 provinciis
1136 2551 1274 2615 suas
1319 2551 1498 2614 vices
1543 2549 2049 2626 commiserunt,
2093 2568 2340 2631 eosque
2385 2548 2681 2632 lingulari

298 2633 618 2718 dignitatis
650 2634 712 2699 &
735 2635 1198 2714 jurisdictionis
1231 2632 1715 2714 praeeminentia
1736 2644 2046 2694 ornarunt
2066 2671 2087 2708 9
2112 2643 2422 2715 quatenus
2451 2633 2685 2694 autho*

296 2717 483 2779 ritate
507 2718 890 2798 Apostolica·
918 2718 1033 2781 sibi
1067 2717 1393 2780 commiffa
1429 2716 1694 2778 nomine
1731 2712 2129 2776 Pontificum
2163 2715 2229 2781 in
2256 2715 2454 2777 causis
2482 2713 2682 2791 majo-

296 2799 475 2864 rlbus
507 2801 573 2862 in
615 2800 781 2881 ipsos
815 2803 1005 2868 etiam
1047 2800 1500 2880 Metropolitas
1547 2797 1899 2876 supremam
1946 2794 2234 2859 dicerent
2281 2796 2678 2863 sententiamz

293 2883 660 2953 Vicariatus
691 2883 870 2949 Sedis
898 2885 1303 2965 Apostolicae
1325 2883 1417 2946 est
1446 2878 1904 2963 antiquiffimus
1929 2917 1951 2956 9
1978 2878 2298 2963 fluxitque
2331 2899 2410 2942 ex
2442 2880 2679 2953 Prima-

296 2978 373 3030 tu
394 2965 676 3031 Romani
702 2967 1037 3031 Pontificis
1065 3008 1086 3044 9
1113 2968 1183 3031 vi
1212 2965 1397 3046 cujus
1421 2962 1725 3029 Pontifex
1762 2961 1934 3025 suam
1958 2962 2528 3041 jurisdictionem,
2568 2962 2680 3025 sal-

302 3050 401 3112 vis
428 3061 638 3113 tamen
658 3051 906 3128 juribus
932 3050 1316 3115 inferiorum
1351 3043 1822 3132 Episcoporum
1851 3085 1873 3122 9
1906 3064 2022 3124 per
2051 3065 2276 3110 omnes
2300 3046 2472 3108 orbis
2502 3044 2683 3109 Chri-

301 3132 477 3198 stiani
498 3145 707 3211 partes
743 3134 1121 3199 circumfert
1148 3175 1170 3211 9
1207 3146 1399 3216 atque
1425 3131 1663 3193 molem
1698 3128 1898 3190 totius
1924 3128 2236 3195 Ecclesiae
2271 3128 2395 3191 suis
2450 3127 2679 3207 hume·⁴
2708 3209 2711 3212 .

301 3216 384 3283 ris
420 3215 739 3279 sustentat.
827 3218 1354 3300 Quoniamvero
1391 3212 1694 3297 *omnibus
1731 3210 1791 3275 δε
1821 3209 2076 3294 singulis
2118 3211 2422 3281 Ecclesiis
2463 3209 2679 3291 perse

304 3297 510 3377 ipsum
542 3300 650 3358 vel
680 3318 794 3378 per
830 3301 1102 3383 Legatos
1133 3291 1304 3362 suam'
1334 3293 1723 3376 impendere
1756 3292 2253 3358 sollicitudinem
2300 3292 2683 3374 impoffibile'

304 3381 476 3444 foret
490 3422 519 3462 9
552 3377 694 3461 ipsis
731 3401 898 3450 vero..
919 3381 1252 3464 Episcopis
1285 3381 1346 3448 &
1373 3375 1812 3461 Metropolitis
1844 3376 2065 3449 causas.
2083 3377 2354 3458 majores
2397 3375 2481 3456 *ad
2517 3383 2680 3520 PQE'

2361 3505 2364 3508 ,
2494 3499 2504 3508 ,
2551 3468 2602 3520 ῃ
2652 3499 2679 3512 ..

308 3563 379 3626 (a)
415 3560 490 3610 Ad
514 3561 609 3610 Tit.
634 3558 693 3609 de
718 3562 791 3607 Μ.
817 3562 863 3609 &
898 3558 1053 3609 obed.

305 3631 390 3699 (b)
426 3630 495 3683 Ad
511 3629 604 3682 Tit.
619 3626 679 3680 δε
694 3631 769 3694 M.
791 3629 836 3682 dc
860 3626 1011 3694 obed,
1028 3629 1167 3690 ΝΜ
1182 3641 1233 3694 7!
