2970 3918
285 193 323 240 2
1239 179 1434 277 Caput
1468 181 1523 255 l.
1572 187 1639 268 5.
1674 180 1726 253 Ι.

967 329 1065 440 C
1141 328 1242 439 A
1314 332 1392 440 P
1461 331 1563 446 U
1638 331 1743 442 T
1882 329 1954 443 1.

681 477 860 569 DE
943 482 1395 592 STATu
1484 479 2231 577 ECCLE51AE.

282 655 352 735 5.
386 645 434 718 1.
485 647 956 724 Praemittuntur
997 654 1266 746 quadam
1315 654 1390 729 de
1432 656 1930 750 Jurisprudentia
1978 657 2230 730 Publica
2274 658 2645 755 universali,

364 740 638 834 illiusque
652 744 880 836 studio.
975 748 1056 824 11.
1088 752 1266 852 Qid
1281 754 1359 843 fit
1386 753 1599 827 Status
1625 759 1687 827 in
1717 754 1985 853 genere?
2066 753 2180 826 111.
2234 756 2543 829 Primaria
2575 759 2649 831 il-

365 840 483 910 lius
513 840 730 933 divisio
762 848 827 917 in
856 849 1198 920 naturalem
1229 849 1323 930 ἐρ’
1349 852 1586 925 civilem
1613 856 1721 947 Jeu
1751 850 2156 924 adventitium
2187 903 2208 935 ,
2251 854 2346 923 cui
2379 853 2646 942 quadam

371 936 502 1006 aliae
526 935 852 1031 divisiones
885 943 1063 1016 velut
1072 944 1457 1035 secundariae
1475 945 1953 1046 subjunguntur.
2049 943 2176 1024 IV.
2220 947 2432 1021 Status
2461 959 2646 1024 natu-

364 1031 515 1103 ralis
542 1058 676 1107 cum
687 1036 823 1133 fitis
851 1045 1158 1114 annnexis
1185 1041 1523 1132 difisutitur.
1616 1044 1711 1116 V.
1760 1045 1973 1116 Status
2005 1041 2388 1115 adventitius
2415 1098 2436 1131 ‚
2480 1051 2644 1118 civi-

365 1127 479 1218 lis,
508 1130 622 1227 Jeu
654 1134 904 1207 moralis
929 1190 950 1222 ,
983 1142 1085 1228 qui
1113 1146 1485 1212 communius
1513 1146 1735 1213 vocari
1741 1140 1937 1234 solet,
1954 1140 2258 1235 flxcietas,
2290 1139 2465 1229 quid,
2496 1165 2645 1233 quo-

363 1225 580 1313 tuplex
603 1284 624 1317 ,
662 1230 755 1310 Εἴ
789 1255 918 1324 quae
951 1230 1113 1305 illius
1157 1242 1332 1335 origo
1363 1238 1400 1307 ἲ
1495 1235 1619 1309 VI.
1679 1239 1790 1310 De
1833 1233 2236 1312 Societatibus
2261 1236 2647 1327 fimplicibus.

368 1320 531 1397 VII.
576 1326 690 1399 De
720 1325 1124 1404 Societatibus
1151 1332 1476 1426 aequalibus
1507 1333 1857 1427 compofitis.
1978 1330 2166 1403 V111.
2202 1331 2314 1403 De
2343 1335 2651 1408 Societate

367 1420 650 1512 inaequali
680 1477 704 1513 ,
744 1448 924 1517 quam
956 1451 1252 1500 vocamus
1290 1433 1658 1515 Civitatem,
1682 1430 1796 1523 fi’u
1823 1427 2289 1519 Rempublicam.
2383 1427 2501 1502 IX.
2533 1430 2648 1503 De

364 1512 527 1588 illius
555 1524 810 1617 origine.
886 1521 976 1596 X.
1008 1527 1327 1599 Struttura
1350 1578 1369 1609 ‚
1394 1525 1517 1612 fine
1545 1578 1566 1609 ‚
1626 1523 1722 1602 65
1764 1522 2279 1618 consequentibus.
2375 1523 2490 1597 XI.
2549 1530 2650 1598 Ci-

362 1617 540 1685 vitas
568 1618 691 1689 alia
721 1616 798 1707 est
826 1618 1124 1716 regularis
1143 1674 1164 1711 ,
1203 1621 1326 1692 alia
1351 1620 1708 1716 irregularis
1739 1641 1824 1691 ex
1860 1619 2165 1711 multiplici
2194 1621 2410 1714 capite.
2488 1619 2647 1696 XII.

369 1711 526 1783 Nos
556 1719 790 1809 agimus
829 1715 904 1787 de
949 1716 1222 1790 Civitate
1261 1717 1589 1813 irregulari
1626 1738 1712 1788 ex
1756 1711 1990 1808 defettu
2029 1719 2255 1807 forme
2293 1718 2651 1814 Regiminis.

360 1803 552 1880 X111.
600 1810 824 1881 Forma
862 1811 1192 1908 Regiminis
1235 1811 1314 1906 est
1349 1814 1579 1904 triplex
1609 1864 1632 1900 ,
1679 1809 1776 1890 65
1820 1809 2092 1902 quaelibet
2111 1810 2234 1907 fieb
2275 1813 2340 1907 fe
2378 1819 2651 1888 continet

355 1901 568 1996 plures
593 1905 866 2001 species,
914 1907 1008 1986 ἐς
1037 1907 1338 1982 undenam
1371 1912 1743 1999 Imperantes
1767 1906 1948 2000 suum
1984 1911 2300 1999 Imperium
2345 1908 2438 1989 65
2473 1919 2657 2003 pote·

353 1996 577 2090 statem
622 2006 962 2096 acceperint
1000 2002 1036 2074 ?
1145 2003 1348 2078 XIV.
1396 2004 1509 2078 De
1553 2008 1770 2095 forma
1821 2004 2155 2101 Regiminis
2196 2004 2655 2079 Monarcbica.

368 2095 540 2169 XV.
585 2096 1055 2189 Aristocratica.
1134 2098 1335 2172 XVI.
1370 2103 1834 2177 Democratica.
1955 2098 2183 2171 XVII.
2221 2103 2333 2174 De
2365 2105 2656 2174 Civitati-

364 2192 482 2263 bus
509 2191 977 2290 irregularibus,
1008 2201 1072 2270 in
1096 2196 1287 2290 specie
1314 2194 1388 2270 de
1422 2194 1798 2270 Civitatibus
1807 2194 2215 2292 systematicis.
2267 2195 2525 2269 XVIII.
2553 2202 2654 2272 Fit

375 2291 667 2380 transitus
689 2292 776 2361 ad
799 2294 1038 2367 Statum
1070 2293 1374 2385 Ecclefiae,
1411 2292 1506 2372 Εἴ
1533 2295 1809 2384 aperitur
1829 2289 2025 2380 status
2054 2290 2405 2384 quaestionis.
2434 2290 2654 2368 XIX.

372 2386 575 2485 Qale
589 2386 929 2486 sitsystema
964 2385 1410 2462 catholicorum
1437 2412 1465 2478 ,'
1491 2388 1585 2467 65
1620 2385 2113 2480 Proteftantium.
2163 2385 2317 2459 XX.
2353 2390 2658 2486 Quanam

198 2572 214 2579 „
368 2489 534 2553 ratio
553 2538 571 2572 ‚
590 2485 759 2576 quod
773 2485 1193 2578 Protesiantes
1210 2485 1295 2557 ad
1307 2483 1679 2583 bocsystema
1699 2483 1917 2576 delapsi
1928 2489 2194 2577 fuerint.
2226 2481 2658 2582 XXL‘Qan-

376 2583 429 2651 ti
462 2582 688 2673 interfit
722 2581 990 2673 Ecclesia
1017 2637 1039 2670 ,
1102 2591 1174 2655 ut
1215 2579 1338 2654 baec
1385 2584 1622 2674 quaestio
1650 2580 2204 2673 fundamentaliter
2239 2585 2653 2654 examinetur.

369 2674 590 2749 XXII.
641 2677 868 2750 Utrum
887 2681 1139 2776 systema
1169 2678 1644 2767 Proteltantium
1664 2677 1744 2768 fit
1777 2698 2010 2746 novum
2037 2727 2055 2757 ,
2089 2674 2182 2752 ἐς
2205 2678 2342 2766 quis
2379 2674 2536 2764 illud
2557 2681 2655 2750 in-

366 2772 751 2867 stauraverit
780 2827 798 2857 ,
832 2777 942 2846 vel
970 2775 1307 2846 excoluerit
1340 2773 1374 2844 ?
1479 2770 1732 2846 XX111.
1774 2770 2094 2865 Qomodo
2127 2771 2379 2841 varient
2426 2775 2674 2849 Prote-

356 2867 593 2960 stantes
621 2874 685 2941 in
716 2871 1077 2965 explicando
1091 2870 1210 2966 suo
1229 2868 1559 2966 sjstem‘ate.
1635 2865 1896 2938 XXIV.
1933 2869 2381 2959 Proponuntur
2409 2865 2653 2940 illorum

380 2977 739 3061 argumenta
765 2967 1113 3058 potiffimum
1143 2990 1227 3038 ex
1260 2963 1678 3059 Puffendorfio
1708 3016 1731 3050 ,
1775 2962 2023 3055 aliisque
2059 2963 2443 3037 Dofitoribus
2491 2965 2659 3036 Pro-

377 3063 702 3150 telianticis
729 3062 1056 3159 desumpta.
1154 3058 1384 3134 XXV.
1417 3062 1805 3154 Proponitur
1835 3113 1854 3147 ‚
1905 3060 1995 3138 65
2024 3059 2378 3153 defenditur·
2396 3060 2656 3156 Dogma

388 3156 780 3231 Catholicum.
857 3157 1121 3232 XXVI.
1159 3159 1484 3232 Obviatur
1517 3161 1886 3254 argumentis
1917 3160 2082 3229 AA.
2126 3154 2422 3232 XXVII.
2470 3156 2650 3255 Quaq

382 3255 574 3328 lenam
603 3257 679 3352 fit
710 3257 1001 3356 Regimen
1035 3259 1101 3357 in
1135 3249 1746 3356 Statu-Ecclefiasticq
1768 3253 2081 3349 remrffive.

2490 3654 2568 3760 §-
2603 3629 2658 3741 1²·
