2970 3918
1037 189 1155 267 De
1182 189 1361 269 statu
1394 169 1699 288 Bausta
2493 191 2570 284 γ’

166 345 422 431 exlege
466 343 628 410 DEI
668 343 744 409 ab
779 343 798 409 i
845 341 901 406 sa
940 341 1290 408 Nativitate
1334 342 1680 410 comitatur
1707 377 1732 423 9
1790 340 1860 406 in
1900 351 2026 428 qua
2076 338 2303 407 liberae
2358 337 2543 406 illius

163 429 449 493 actiones
475 468 499 507 9
541 438 742 508 prout
772 428 794 493 i
867 436 1090 488 natura
1137 425 1309 492 illius
1347 428 1557 491 Status
1590 426 1786 513 exigit
1807 465 1832 507 9
1876 423 2330 520 legerffnaturali
2371 423 2540 487 limi-

162 523 400 576 tantur.
524 516 702 573 Status
726 508 1041 571 adventitius
1069 507 1182 571 seu
1214 508 1423 574 civilis
1462 508 1554 576 est
1583 549 1606 588 9
1657 508 1771 593 qui
1795 508 2045 573 hommi
2072 509 2184 574 vel
2232 526 2314 570 ex
2358 504 2536 571 fatto

163 594 434 676 proprio
467 633 491 670 9
519 592 630 654 vel
656 589 867 653 alieno
887 587 1260 671 supervenit
1282 631 1306 669 9
1341 591 1646 675 illiusque
1673 591 1960 657 astiones
1996 587 2258 658 diverfis
2281 587 2535 677 legibus

164 672 713 846 tam‘n'zmliggs
741 689 935 759 quam
957 670 1252 753 pofitivis
1285 672 1518 741 limitat
1535 713 1560 756 9
1599 675 2063 764 variorumque
2097 672 2354 764 Jurium
2380 670 2539 744 facit

164 767 556 842 parumpem.
615 773 647 815 a

1217 921 1296 1039 5.
1355 919 1500 1015 IV.-

273 1091 454 1157 Liter
479 1099 659 1157 Status
686 1090 940 1158 naturalis
973 1090 1287 1172 accipitur
1319 1100 1354 1158 a
1376 1091 1821 1174 Philosophia,
1857 1091 1921 1158 &
1943 1092 2128 1157 aliter
2156 1095 2190 1156 a
2211 1090 2535 1179 Jurispru-

58 1230 64 1235 .
160 1184 204 1229 ι
315 1176 526 1249 dentia
552 1175 834 1244 Publica.
924 1173 1300 1256 Philosophi
1331 1179 1695 1244 scrutantur
1726 1189 1978 1240 naturas
2004 1176 2065 1240 &
2105 1178 2537 1256 proprietates

157 1258 437 1324 hominis
466 1271 665 1340 prout
691 1255 1196 1324 contradistinffi
1221 1265 1256 1325 a
1279 1260 1480 1326 brutis
1509 1300 1532 1339 9
1575 1257 2004 1348 Jurisconsult
2030 1272 2296 1325 econtra
2319 1260 2537 1324 officia

162 1340 226 1405 &
257 1339 689 1435 Jurafhomini
717 1361 800 1404 ex
829 1338 1150 1404 liberrima
1167 1342 1332 1412 DEI
1358 1342 1767 1412 ordinatione
1798 1343 1860 1408 &
1885 1341 2034 1405 solis
2073 1343 2134 1405 le
2177 1341 2319 1405 ibus
2347 1355 2534 1407 natu-

157 1424 393 1487 rahbus
421 1423 711 1504 speetatis
734 1424 890 1488 citra
919 1423 1128 1487 ullum
1157 1424 1401 1492 fastum
1443 1425 1618 1513 quali
1647 1425 1991 1510 congenita
2032 1463 2056 1501 9
2100 1445 2133 1487 a
2181 1443 2397 1508 eoque
2433 1425 2536 1489 su·

156 1518 344 1570 munt
373 1511 580 1570 Statum
605 1507 897 1570 naturalem
929 1518 1127 1586 prout
1157 1509 1527 1590 oppositum
1551 1509 1859 1577 Societati
1897 1508 2051 1572 Civili
2067 1507 2387 1580 adventitio,
2420 1506 2536 1572 seu

158 1588 362 1657 Statui
387 1587 623 1653 sociali.
680 1587 842 1654 Dixi
869 1600 1167 1651 notanter
1200 1599 1374 1653 statui
1403 1594 1585 1671 sociali
1635 1594 1778 1655 civili
1807 1640 1825 1666 ,
1869 1590 2020 1675 quia
2055 1598 2132 1651 ut
2166 1607 2322 1651 mox
2359 1587 2535 1653 dice-

158 1690 306 1736 mus
340 1679 517 1733 Status
547 1673 802 1734 naturalis
835 1669 1123 1734 excludit
1155 1672 1419 1757 quidem
1457 1680 1763 1737 Societatem
1780 1679 1984 1736 civilem
2011 1671 2078 1735 in
2113 1669 2288 1736 fatto
2321 1670 2538 1736 homi-

158 1754 258 1841 nis
285 1752 554 1834 proprio
585 1756 697 1816 vel
727 1753 936 1816 alieno
955 1794 979 1832 9
1015 1754 1080 1815 in
1113 1754 1342 1835 pasto9
1371 1754 1659 1833 foedere9
1687 1757 1798 1819 vel
1824 1756 1966 1849 lege
2000 1752 2276 1834 positiva
2303 1752 2536 1818 funda-

155 1847 323 1916 tam,
358 1855 495 1899 non
531 1835 1153 1901 tamensocietatem
1204 1836 1380 1921 quali
1426 1840 1640 1901 Civilem
1677 1835 2004 1917 suppohto
2042 1853 2276 1929 genere
2313 1835 2536 1901 huma·-

158 1938 248 1982 no
293 1920 355 1984 &
392 1916 809 1983 multitudine
853 1917 1195 1983 hominum
1236 1918 1463 1985 iisdem
1489 1916 1742 1998 juribus
1764 1959 1788 1998 9
1822 1939 1895 1983 ac
1924 1919 2112 1982 boms
2136 1916 2537 1983 fruentium..

157 2002 298 2065 solo
325 1997 727 2064 humanitatis
755 2001 1029 2064 vinculo
1065 2001 1366 2067 innixam.
1431 2004 1523 2068 Ut
1545 2019 1684 2065 rem
1703 2001 1934 2066 clarius
1961 2000 2244 2066 dicamus
2290 2026 2308 2066 z
2350 2009 2538 2065 Status

154 2085 408 2147 naturalis
434 2081 605 2147 suam
629 2083 986 2148 mensuram
1013 2083 1208 2149 unice
1239 2094 1491 2151 mutuat
1516 2091 1551 2148 a
1576 2084 1774 2151 libera
1794 2086 1958 2148 DEI
1979 2085 2354 2165 voluntate3
2426 2102 2538 2146 ua-

141 2170 228 2229 're
279 2163 384 2228 dis
418 2165 746 2230 iciendum
771 2207 794 2246 9
828 2170 1083 2251 qualem
1107 2169 1377 2232 Author
1406 2178 1652 2232 naturae
1684 2167 1870 2248 juxta
1906 2165 2376 2248 sapientiffimas
2428 2181 2540 2229 uae

154 2247 358 2313 Provi
406 2248 599 2312 entiae
625 2252 797 2340 leges
823 2249 1178 2328 praefixerit
1205 2290 1227 2327 9
1268 2269 1347 2312 an
1374 2269 1540 2331 pure
1581 2251 1876 2315 naturalem
1906 2261 2086 2321 extra
2123 2269 2321 2314 omne
2354 2265 2541 2313 com-

156 2329 472 2394 mercium
495 2348 743 2414 generis
772 2329 1032 2396 humani
1056 2330 1508 2414 reperibilem9
1538 2349 1736 2417 quem
1757 2330 1938 2396 refi'te
1963 2329 2200 2402 dixeris
2212 2333 2538 2411 solitarium.

205 2411 360 2476 ualis
388 2409 563 2474 foret
587 2453 612 2490 9
652 2410 701 2474 fi
739 2412 974 2477 DEUS
1009 2413 1275 2477 creaffet
1306 2414 1637 2476 hominem
1673 2411 1788 2475 fibi
1827 2413 1947 2477 soli
1985 2413 2322 2478 viventem
2348 2451 2372 2490 9
2415 2409 2534 2477 fibi

190 2494 280 2557 oli
313 2493 718 2573 permiffum9
766 2495 929 2558 nulli
971 2496 1153 2559 alteri
1191 2495 1438 2560 homini
1479 2494 2064 2560 communicantem
2108 2536 2132 2576 9
2170 2507 2278 2558 aut
2312 2496 2533 2574 plures

153 2577 451 2643 homines
475 2574 542 2638 in
580 2575 839 2640 diversis
873 2578 1115 2663 Regnis
1144 2577 1206 2643 &
1231 2578 1595 2643 Provinciis
1623 2578 1981 2663 longissime
2017 2578 2190 2642 inter
2217 2576 2279 2641 se
2307 2574 2533 2640 diffitis

154 2672 408 2745 agentes
426 2699 449 2738 9
475 2658 562 2722 ita
592 2669 668 2724 ut
703 2659 865 2723 nulli
889 2680 1039 2724 cum
1070 2661 1197 2725 alio
1224 2659 1541 2746 agendum
1567 2659 1746 2725 foret
1766 2702 1790 2741 9
1833 2674 2067 2727 neuter
2088 2661 2348 2725 alterius
2372 2675 2529 2739 ope,

155 2743 396 2809 auxilio
425 2783 450 2822 9
478 2744 591 2807 vel
625 2743 1025 2808 commercio
1052 2743 1405 2829 indigeret,
1440 2746 1551 2808 vel
1592 2749 1796 2806 Statum
1824 2745 2115 2810 naturalem
2154 2742 2272 2807 suo
2322 2739 2559 2806 modo

138 2830 384 2907 Jocialem
419 2865 442 2902 9
478 2843 617 2888 non
641 2824 904 2910 quidem
941 2826 1224 2891 civiliter
1253 2849 1334 2892 ex
1363 2826 1537 2892 fatto
1564 2827 1832 2907 proprio
1858 2829 1968 2891 vel
1987 2826 2197 2891 alieno
2223 2823 2532 2890 resultan-

152 2924 286 2973 tem
324 2950 347 2987 9
387 2907 494 2971 sed
526 2909 832 2971 naturaliter
856 2911 1136 2989 socialem9
1160 2910 1361 2994 qualis
1390 2908 1574 2975 estin
1603 2908 1913 2976 moderna
1937 2907 2394 2986 Providentia9
2435 2905 2529 2971 se-

146 2992 435 3056 cundum
460 3007 652 3075 quam
686 2988 886 3053 homo
920 2989 1063 3056 solo
1089 2992 1492 3057 humanitatis
1514 2993 1784 3056 vinculo
1812 2991 2060 3056 homini
2081 2991 2530 3074 conjungitur,

153 3076 215 3142 &
239 3094 392 3139 cum
430 3092 514 3137 eo
546 3073 773 3136 vivere
805 3077 1129 3138 necefl'um
1166 3076 1352 3139 habet
1382 3074 1537 3138 citri
1581 3077 1778 3139 ullam
1814 3089 2026 3137 tamen
2064 3075 2530 3160 obligationem

150 3160 266 3221 vel
294 3177 374 3222 ex
402 3154 608 3221 fusto.
639 3153 830 3236 pasto
847 3194 870 3233 9
904 3159 1014 3220 vel
1038 3159 1181 3244 lege
1207 3168 1707 3240 promanantem.
1769 3157 2015 3222 Statum
2044 3177 2208 3239 pure
2235 3158 2533 3222 naturalem

151 3239 338 3306 fuiffe
361 3237 720 3319 poffibilem
744 3254 975 3322 negare
997 3260 1134 3305 non
1174 3240 1512 3307 audemus:
1547 3243 1790 3303 Statum
1813 3259 1978 3304 vero
2010 3245 2147 3323 quafi
2175 3245 2398 3303 mixtum
2419 3277 2442 3317 9
2466 3237 2531 3302 δι

152 3325 269 3387 suo
296 3321 500 3386 modo
521 3321 766 3400 chlalem
799 3327 833 3383 a
863 3321 1567 3404 sapientiffimo-rerum
1604 3321 1898 3386 omnium
1941 3321 2303 3387 Conditore
2343 3320 2530 3385 fuiffe

154 3406 515 3471 institutum
543 3402 604 3468 &
634 3401 956 3469 credimus
981 3446 1005 3484 9
1053 3407 1115 3471 &
1151 3407 1446 3473 videmus
1473 3448 1496 3485 9
1537 3404 1598 3471 &
1637 3402 1887 3471 scimus,
1988 3408 2090 3471 Ex
2133 3426 2267 3490 quo
2304 3403 2545 3468 conse-1

154 3490 376 3574 quitur
414 3506 554 3553 1.m0
580 3505 873 3555 normam
913 3488 1137 3576 agendi
1162 3490 1230 3561 in
1253 3492 1383 3562 hoc
1409 3492 1587 3558 Statu
1617 3486 1765 3557 fore
1801 3490 2000 3559 solam
2033 3491 2246 3578 legem
2277 3499 2529 3554 natura-

155 3652 262 3723 (·>
294 3653 595 3710 Videamus
631 3651 742 3724 aas
779 3658 846 3725 v!
2367 3571 2526 3647 lem,
