2970 3918
347 208 488 267 πη
1102 255 1106 257 Α
1235 187 1431 280 eaput
1462 186 1545 259 11.
1595 193 1663 273 5.
1695 183 1830 259 XI.
1892 136 1894 143 ,

511 341 686 409 Huic
713 338 1042 404 sententiae
1060 375 1083 413 9
1172 349 1318 412 ηδε,
1347 334 1394 398 s1
1421 335 1546 400 alio
1588 334 1797 401 adhuc
1825 348 2203 422 argumento
2231 356 2365 404 non
2401 320 2561 407 nibil
2595 343 2717 409 fuf-

347 427 653 492 fulciatur
678 464 702 499 9
748 418 1016 483 omnino
1054 357 1328 510 videtur·
1363 418 1488 483 effe
1521 419 1837 483 verissima
1860 461 1886 499 9
1922 421 2043 484 Du
2082 420 2201 486 Pin
2244 420 2571 508 sequentia
2603 448 2718 507 op-

344 510 531 594 ponit
567 530 583 568 :
632 521 801 566 Lino
821 540 845 580 9
870 500 987 563 ait:
1019 498 1072 562 s1'
1090 499 1167 562 ab
1190 499 1593 566 instltutione
1616 502 2046 568 Ecclefiarum
2071 523 2187 583 per
2207 507 2471 572 Petrum
2492 547 2516 586 9
2537 509 2724 572 alios-

347 610 475 676 que
497 585 856 666 Apostolos
879 582 1041 647 fasta
1084 582 1350 668 dignitas
1392 585 1879 666 Metropolitica
1917 598 2030 649 aut
2061 587 2498 654 Patriarchalis
2538 611 2724 671 repe-

347 670 540 736 tenda
567 667 765 731 essent
784 674 823 745 9!
848 666 1215 729 innumeroe
1248 665 1467 731 forent
1505 666 1684 733 sedes
1717 669 2165 734 Patriarchales
2186 710 2208 750 9
2298 671 2404 735 uia
2432 673 2728 737 innume⁶
2777 733 2795 739 ,

345 774 444 818 ras
471 756 698 817 Petrus
728 748 1062 836 fundavit9
1099 749 1160 813 &
1193 747 1357 816 rexit
1391 751 1704 816 Ecclesias
1737 775 1751 815 :
1807 755 2005 817 latum
2043 773 2199 838 ergo
2293 754 2583 819 iscrimen
2626 756 2721 819 in-

343 852 447 900 ter
467 833 820 899 Ecclesiam
863 830 1309 913 Apostolicam
1347 835 1410 900 δε
1447 833 1937 900 Patriarchalem
1975 860 1991 900 ε
2035 840 2259 902 multae
2294 836 2560 903 fuerunt
2595 880 2619 917 9
2661 840 2725 903 δι

338 911 534 985 dictae
570 917 716 980 sunt
741 915 1182 996 Apostolicae9
1227 916 1678 982 Patriarchales
1703 938 1840 982 non
1860 918 2037 982 item.
2064 919 2172 1003 (a)
2254 918 2406 986 2.do
2427 963 2450 998 9
2490 924 2732 986 Eccle·

338 1002 428 1066 sia
453 999 1034 1083 Hierosolymitana
1057 1038 1080 1076 9
1119 998 1275 1063 licet
1317 1018 1457 1064 eam
1493 1000 1776 1066 Christus
1832 1001 1960 1080 ipse
2002 1000 2109 1064 sua
2146 1002 2480 1082 praesentia
2514 1005 2726 1068 hono-

342 1083 583 1149 raverit
606 1124 629 1163 9
663 1083 816 1147 &in
843 1103 913 1144 ea
949 1101 1084 1145 non
1114 1080 1318 1147 modo
1347 1085 1575 1147 Petrus
1595 1124 1616 1161 9
1660 1083 1766 1146 sed
1797 1083 1858 1148 &
1886 1085 2106 1147 caeteri
2149 1085 2457 1164 Apostoli
2488 1085 2725 1151 habita-

339 1168 594 1244 verint9
638 1162 1077 1230 Patriarchalis
1113 1184 1246 1226 non
1271 1165 1397 1229 fuit
1435 1189 1448 1228 :
1498 1171 1717 1252 Quare
1757 1185 1912 1251 ergo
1945 1166 2012 1229 in
2043 1166 2533 1232 Patriarchalem
2573 1191 2724 1234 eva-

341 1252 422 1318 fit
444 1247 914 1327 Alexandrina9
936 1267 1128 1332 quam
1151 1251 1378 1313 Petrus
1408 1268 1531 1313 nec
1567 1248 1836 1314 instituit
1862 1291 1889 1328 9
1914 1269 2036 1314 nec
2069 1251 2278 1315 rexit?
2383 1255 2730 1336 Quaprop-

345 1344 449 1397 ter
472 1330 656 1398 aliam'
695 1331 943 1395 causam
980 1329 1226 1397 subesse
1268 1351 1405 1395 non
1432 1351 1514 1395 ex
1546 1352 1718 1395 vano
1753 1332 2100 1414 suspicatur
2148 1332 2439 1398 laudatus
2467 1336 2589 1400 Du
2620 1337 2727 1400 Pi-

347 1416 531 1481 nius:
576 1414 684 1478 hic
723 1415 916 1499 igitur
943 1414 1261 1499 originem
1304 1413 1627 1498 dignitatis
1659 1416 2096 1484 Patriarchalis
2127 1417 2418 1480 refundit
2454 1419 2523 1480 in
2561 1419 2727 1484 divi-

346 1500 597 1565 sionem
621 1498 906 1562 Romani
940 1497 1200 1579 Imperii
1227 1537 1251 1575 ·>
1297 1495 1479 1581 quod
1503 1496 1569 1558 in
1597 1496 1924 1578 Regiones
1950 1499 2010 1562 &
2030 1499 2400 1563 Provincias
2421 1500 2604 1566 fuiss'e
2632 1500 2729 1564 di-

341 1583 688 1648 stributum
713 1622 736 1659 9
773 1580 927 1646 &in
966 1581 1063 1643 his
1091 1578 1392 1662 quasdam
1430 1578 1613 1655 fuiffe
1659 1578 2036 1644 constitutas
2066 1581 2260 1646 urbes
2298 1585 2358 1647 &
2382 1587 2726 1664 Metropo-

344 1670 440 1733 les
468 1706 492 1745 9
531 1662 705 1727 unde
731 1661 1094 1743 pendebant
1131 1672 1388 1725 caeterae
1411 1702 1434 1739 9
1468 1658 1730 1725 aliunde
1767 1674 1999 1726 notum
2028 1663 2165 1727 est(
2246 1669 2473 1749 Itaque
2513 1667 2580 1731 in
2626 1668 2729 1731 his

342 1746 828 1839 Metropolibus
859 1744 1101 1808 summa
1127 1745 1592 1814 exercebantur
1620 1740 1864 1822 judicia
1889 1787 1912 1825 9
1949 1747 2025 1810 ab
2062 1745 2162 1811 his
2194 1752 2577 1829 petebantur
2613 1751 2728 1814 de-

343 1832 617 1897 cisiones
652 1829 975 1892 caularum
1007 1868 1047 1906 9,
1070 1827 1144 1891 ab
1177 1826 1272 1891 his
1306 1839 1678 1892 emanarunt
1709 1829 2156 1896 ‘ordinationes
2196 1833 2726 1898 Provinciammt

344 1912 568 1998 ecquis
596 1912 791 1997 igitur
821 1910 1112 1975 dubitare
1140 1914 1351 1988 valet9
1380 1910 1581 1975 fimile
1613 1910 1770 1994 quid
1813 1911 2056 1977 fastum
2101 1915 2229 1981 effe
2267 1917 2334 1980 in
2369 1918 2562 1981 rebus
2597 1920 2727 1980 Ec*

343 1995 701 2063 cleliasticis
729 2035 753 2071 9
800 1994 860 2059 &
891 1992 1090 2056 caulis
1128 1991 1475 2071 majoribus
1503 2013 1726 2074 :opus
1766 2005 1900 2058 erat
1939 1993 2165 2072 judice
2194 2007 2232 2075 9'
2264 2001 2326 2064 δε
2359 1999 2729 2063 decisione..

340 2080 549 2146 causae
578 2119 601 2157 9
630 2073 1032 2141 tractandum
1058 2085 1190 2138 erat
1214 2075 1548 2158 negotium
1575 2075 1833 2155 majoris
1861 2079 2175 2142 momenti
2199 2119 2223 2157 9
2277 2082 2460 2163 quod
2499 2086 2612 2146 vel
2647 2082 2726 2145 fi-

344 2165 496 2229 dem
519 2164 629 2225 vel
655 2157 1044 2240 disciplinam
1083 2158 1518 2225 concernebat
1541 2197 1565 2237 9
1649 2158 1915 2223 uorsum
1948 2172 2057 2223 aut
2080 2163 2409 2240 securius9
2444 2174 2553 2226 aut
2593 2184 2725 2227 ma-

337 2246 470 2329 jori
495 2245 642 2324 jure
668 2242 967 2322 appellari
998 2252 1252 2320 poterat
1273 2279 1296 2318 9
1337 2260 1529 2324 quam
1575 2261 1608 2302 a
1688 2243 2084 2323 Episcopum
2125 2242 2303 2308 urbis
2338 2247 2728 2326 Metropoli-

341 2331 492 2392 ticae
526 2326 592 2388 in
617 2344 814 2409 quem
844 2321 1101 2386 aliunde
1133 2323 1258 2403 ipsa
1288 2323 1421 2387 loci
1447 2321 1714 2407 dignitas
1746 2323 2063 2410 quandam
2093 2325 2364 2393 honoris
2387 2366 2412 2409 9
2445 2327 2507 2393 &
2525 2327 2730 2414 digni-

340 2412 487 2476 tatis
527 2451 550 2486 9
583 2410 644 2475 &
671 2402 997 2488 potestatis
1028 2404 1428 2469 transfudisse
1457 2405 1820 2473 videbatur.

511 2496 680 2557 Haec
710 2489 1005 2556 dostrina
1036 2487 1222 2551 nobis
1256 2508 1335 2550 ex
1370 2498 1550 2569 parte
1583 2490 1791 2575 aliqua
1819 2483 2171 2572 probatur,
2221 2513 2301 2558 ex
2335 2495 2528 2558 altera
2549 2493 2732 2576 parte
2832 2501 2835 2513 ‘'
2908 2507 2909 2510 ’

345 2598 482 2642 non
504 2576 834 2658 probatur.
918 2575 1073 2637 Non
1098 2571 1408 2652 probatur
1435 2572 1622 2636 nobis
1648 2573 1864 2658 quoad
1899 2574 1965 2638 id
1993 2613 2016 2654 9
2057 2574 2238 2659 quod
2257 2577 2461 2657 priori
2482 2578 2732 2642 senten-

344 2663 457 2726 tiae
497 2657 772 2740 opponit
800 2697 823 2735 9
862 2654 1018 2718 dum
1043 2654 1249 2719 afferit
1279 2695 1304 2734 9
1334 2673 1415 2733 ex
1455 2655 1563 2719 illa
1599 2656 1777 2740 sequi
1805 2696 1830 2734 9
1875 2655 2057 2739 quod
2098 2656 2456 2723 innumerae
2493 2658 2732 2725 dentur

345 2743 656 2812 Ecclesiae
673 2739 790 2820 9&
807 2738 1319 2818 Metropoliticae·
1345 2779 1368 2817 9
1402 2737 1463 2802 &
1488 2738 1939 2803 Patriarchales
1954 2779 1977 2818 9
2004 2750 2106 2807 tot
2130 2762 2361 2822 nempe
2378 2757 2606 2827 ‚quot
2617 2748 2731 2810 vel

349 2838 383 2892 a
415 2832 613 2892 Petro
642 2867 667 2904 9
688 2826 797 2887 vel
834 2829 868 2886 a
898 2821 1155 2903 caeteris
1186 2820 1527 2903 Apostolis
1550 2821 1818 2885 fuerunt
1842 2821 2101 2888 ere&ae.
2211 2828 2364 2889 Non
2404 2826 2578 2891 enim
2610 2847 2731 2891 no·

347 2912 445 2975 bis
475 2911 684 2975 sermo
717 2904 807 2970 est
841 2906 924 2969 de
951 2904 1250 2968 omnibus
1273 2906 1334 2969 &
1360 2903 1618 2985 singulis
1647 2903 1947 2968 Ecclefiis
1966 2905 2404 2989 Apostolicis9
2435 2913 2546 2974 vel
2563 2914 2730 2975 aPe-

350 3007 455 3057 tro
485 2992 714 3058 ereffis
739 3031 760 3066 9
786 2989 892 3051 sed
924 2985 1003 3051 de
1045 2988 1117 3051 iis
1141 3025 1165 3067 9·
1246 3005 1354 3051 uas
1384 2989 1493 3049 vel
1517 2984 1646 3068 ipse
1672 2987 1978 3068 Princeps
1999 2991 2476 3069 Apostolorum
2500 2997 2730 3060 Petrus

350 3077 388 3158 ζ
417 3075 596 3162 quod
622 3073 796 3137 idem·
820 3070 1170 3134 dicendum
1243 3089 1278 3132 e
1304 3067 1436 3131 aliis
1469 3085 1585 3149 per
1609 3082 1883 3135 caeteros
1911 3072 2273 3153 Apostolos
2304 3075 2586 3159 ereffis)
2613 3098 2732 3158 per

345 3161 407 3224 se
440 3158 640 3222 erexit
665 3198 687 3235 9
726 3156 837 3219 vel
880 3172 998 3235 per
1033 3153 1227 3216 alium
1255 3151 1514 3297 1speciali
1539 3151 1709 3232 juffu
1736 3153 1796 3218 δε
1838 3156 2102 3247 nomine
2139 3155 2256 3223 suo
2289 3160 2446 3245 erigi
2471 3162 2726 3241 voluit9

347 3243 422 3306 iis
458 3241 773 3315 maxime9
807 3257 959 3320 quas
987 3233 1091 3299 sua
1114 3252 1249 3315 prae
1279 3247 1449 3299 entia
1480 3235 1814 3300 honorasse
1837 3240 2095 3324 legitur.
2137 3242 2368 3307 Altera
2388 3244 2555 3308 ratio
2578 3245 2729 3309 Du-

348 3324 506 3409 pinii
531 3325 606 3388 ab
639 3319 948 3386 Ecclesiae
979 3318 1588 3405 Hierosolymitanae
1620 3319 2020 3388 institutione
2035 3324 2237 3406 petita
2265 3327 2451 3392 nobis
2475 3327 2726 3411 persua-

2621 3411 2727 3494 fit,

355 3503 446 3572 (ι)
479 3508 682 3554 Perenne
701 3502 898 3572 Ecclefiu
915 3502 1214 3570 Apostolius,
1238 3502 1383 3568 inquit
1411 3503 1487 3555 tit.
1504 3501 1703 3555 Tertull.
1727 3509 1854 3572 aqud
1865 3523 1978 3575 quas
2000 3511 2104 3573 ipſse
2125 3507 2273 3561 adbuc
2299 3511 2526 3564 caeebedn
2542 3516 2729 3581 Aposto-

477 3572 696 3638 stolorum
711 3573 812 3635 finds
831 3574 935 3623 loeis
953 3573 1264 3637 praefideneur,
1295 3575 1340 3622 3<
1369 3573 1491 3622 inter
1513 3578 1591 3623 ea's
1613 3575 1826 3627 nominat
1841 3580 2156 3644 corynthum,
2181 3581 2432 3649 Philippos,
2451 3581 2730 3641 Thessaloni.

483 3655 588 3693 cam
614 3643 705 3694 &c.
726 3656 822 3707 quat
841 3655 1072 3704 nunquam
1089 3634 1215 3693 fuere
1238 3638 1561 3693 Pauiuahalet.
