2970 3918
1081 190 1214 267 ¹De
1242 189 1423 268 Statu
1455 154 1772 286 Ecclestae}
1862 146 1866 149 >
2261 271 2263 275 .
2532 207 2568 272 3
2585 208 2612 258 1

220 344 419 410 essent
447 344 742 409 homines
767 380 792 419 ,
823 339 937 424 qui
963 339 1138 403 illam
1171 341 1503 406 violenter
1537 358 1871 422 occupare.
1901 344 2221 404 tentarent
2253 373 2276 416 2
2317 335 2617 418 hujusce-

218 428 401 492 modi
425 427 799 494 temerarios
827 420 1008 484 ausus
1049 462 1074 499 2
1106 424 1167 486 δε
1193 425 1635 504 usurpationes
1657 423 1876 504 potius
1900 422 2277 506 permittere
2302 459 2325 497 2
2375 439 2613 503 quam..

221 511 574 589 approbare
604 501 916 570 voluerit.
998 505 1227 585 Atque
1254 505 1396 568 haec
1427 506 1612 570 nobis
1634 507 1903 571 omnino
1933 503 2240 570 videntur
2257 502 2383 566 ess'e
2415 511 2611 566 certa.

389 586 689 670 Superest
718 628 742 665 2
782 595 857 647 ut
900 583 1044 646 haec
1077 585 1473 650 firmioribus
1515 588 1896 655 stabiliamus
1942 584 2326 670 argumentis
2356 625 2378 662 9
2417 596 2478 647 at
2524 603 2610 646 ue

217 671 285 735 id
323 669 716 753 singulariter
738 665 1247 745 demonstremus
1264 709 1286 746 2
1323 668 1505 750 quod
1534 670 1775 733 summa
1801 669 2085 734 Potestas
2113 687 2250 732 non
2277 666 2472 731 imme
2522 667 2608 728 ia-

215 766 281 823 te
312 759 347 815 a
378 753 573 815 DEO
608 790 631 829 2
671 748 781 813 sed
815 746 1137 810 mediante
1160 755 1411 828 populo
1444 751 1513 813 in
1547 752 1877 831 Principes
1905 754 2201 815 translata
2229 749 2450 814 fuerit.
2522 752 2608 814 Et

214 832 492 918 quidem.
521 852 727 900 1.mo:
759 833 997 896 iterum
1023 829 1101 893 ad
1122 832 1456 914 Originem
1473 834 1826 896 Civitatum
1854 831 2431 914 retrospiciendum
2449 832 2606 895 erit:

212 927 325 980 aut
360 914 535 979 enim
572 914 824 1009 loquim
873 912 1014 976 rrde
1054 912 1438 976 Civitatibus
1473 914 1642 977 liberis
1665 960 1685 991 ,
1710 917 1820 978 vel
1856 917 2039 979 coaffls
2065 927 2092 976 ,θ
2133 916 2200 979 in
2229 913 2605 997 posteriori-

212 999 334 1062 bus
361 997 492 1078 ipsa
522 998 783 1061 ambitio
847 1018 868 1059 i
913 993 1288 1078 iarrogavit
1320 994 1662 1074 imperium
1690 1037 1713 1082 ‚³
1757 996 2035 1081 formam
2079 997 2329 1080 imperii
2371 995 2605 1060 consti-

215 1081 343 1144 tuit
366 1121 389 1158 ,
417 1081 711 1165 finesque
746 1075 1129 1143 exercendae
1168 1076 1496 1158 potestatis
1529 1076 1644 1139 sibi
1674 1078 2045 1162 designavit.
2156 1084 2232 1143 In
2277 1079 2603 1159 prioribus

215 1175 324 1227 aut
347 1163 555 1242 justus
583 1176 793 1226 metus
821 1201 846 1240 2
879 1171 987 1222 aut
1017 1179 1198 1223 amor
1223 1160 1377 1224 vitae
1409 1160 1615 1222 beatae
1639 1199 1663 1238 2
1709 1180 1782 1222 ac
1818 1163 2181 1243 tranquillae
2219 1160 2603 1226 Patribusfa-

211 1247 423 1314 milias
449 1286 474 1323 2
505 1256 582 1310 ut
616 1246 683 1308 in
718 1244 1065 1309 Civitatem
1088 1243 1345 1305 coirent
1366 1285 1390 1320 ·›
1421 1241 1667 1325 sibique
1698 1241 1845 1324 ipsis
1869 1245 2265 1324 Imperantes
2288 1242 2605 1327 quosdam

213 1327 405 1408 super
432 1326 639 1409 capita
667 1326 774 1390 sua
797 1325 1251 1405 imponerent,
1285 1336 1394 1388 aut
1423 1324 1723 1406 persuasit
1757 1365 1782 1403 9
1814 1336 1923 1388 aut
1972 1327 2240 1390 omnino
2275 1324 2603 1390 necessita-

213 1409 552 1483 temfecit.
643 1409 1128 1475 Perscrutemur
1155 1406 1308 1474 2.do
1343 1409 1549 1487 'prima
1580 1407 1966 1478 incunabula
2012 1408 2217 1474 ferme
2265 1410 2602 1477 omnium..

212 1492 867 1573 Rerumpublicarum
886 1530 910 1568 ³
955 1509 1033 1551 an
1060 1509 1195 1551 non
1220 1489 1296 1552 ab
1322 1489 1507 1552 initio
1534 1490 1742 1554 ferme
1771 1509 1999 1554 omnes
2025 1490 2443 1570 Respublicae
2460 1510 2603 1555 mo-

211 1574 387 1637 ribus
414 1576 632 1655 potius
652 1615 675 1652 2
707 1574 769 1639 δι
794 1570 1362 1637 consuetudinibus
1394 1578 1428 1635 a
1453 1573 1518 1636 se
1549 1572 1694 1653 ipsis
1731 1573 2061 1637 liberrime
2094 1573 2481 1639 introductis
2501 1592 2603 1636 re-

209 1656 562 1739 gebantur,
596 1653 890 1740 nunquid
909 1654 1115 1718 ferme
1144 1653 1371 1718 omnisi
1400 1655 2059 1736 Rerumpublicarum
2091 1655 2283 1720 status
2323 1656 2600 1736 primor-

214 1738 466 1802 dialiter
497 1749 630 1802 erat
657 1738 1082 1801 Democraticus?
1102 1742 1135 1798 a
1152 1739 1334 1801 Statu
1356 1746 1722 1800 Democratem
1745 1736 1822 1801 ad
1837 1740 2254 1815 Aristocraticum
2276 1740 2600 1820 perventu

210 1820 362 1898 fuit,
380 1820 639 1905 quando
655 1819 731 1883 ad
756 1817 1109 1911 regendum
1135 1822 1455 1898 populum
1474 1816 1771 1904 suffragio
1789 1821 1902 1882 vel
1932 1820 2248 1899 expresso³
2271 1821 2381 1883 vel
2401 1819 2598 1883 tacito

210 1903 557 1983 imperium
582 1902 661 1966 ad
695 1904 997 1981 Optimos
1041 1899 1151 1963 seu
1182 1904 1506 1984 Magnates
1537 1900 1663 1964 fuit
1691 1905 2084 1966 translatum.
2166 1903 2237 1964 A
2259 1903 2440 1966 Statu
2480 1902 2597 1966 fle-

210 2005 392 2050 mum
415 1988 780 2062 Aristaei-atico
804 1993 1076 2046 ventum
1105 1981 1181 2045 ad
1196 1985 1440 2046 Statum
1462 1983 1884 2056 Monarchicum,
1911 1982 2066 2046 dum
2091 1987 2342 2065 populo
2370 1984 2447 2049 ad
2464 1985 2603 2050 evi·

213 2064 467 2130 tandam
499 2063 990 2142 confusionem,
1043 2062 1585 2128 eXterminandam
1629 2064 2048 2129 ambitionem
2078 2105 2101 2144 9
2152 2066 2593 2152 invidiamque

211 2167 342 2232 que
366 2146 857 2230 propulsandam
877 2166 957 2210 ex
976 2147 1236 2227 optimis
1267 2153 1516 2231 optimum
1534 2194 1553 2220 ,
1593 2149 1691 2212 uti
1714 2146 2054 2226 credebat,
2088 2149 2324 2232 eligere
2351 2190 2374 2228 2
2394 2150 2598 2215 illius-

210 2250 342 2314 que
371 2230 643 2310 imperio
681 2230 863 2310 juxta
882 2228 1053 2306 ⁵fines
1085 2230 1297 2292 eidem
1323 2229 1715 2309 praestitutos
1757 2231 1892 2294 suas
1927 2234 2302 2315 voluntates
2334 2232 2600 2297 submit-

208 2324 425 2376 terere
458 2311 720 2392 placuit.
824 2311 1190 2390 Praecipuas
1230 2312 1509 2376 Graeciae
1545 2312 1967 2392 Respublicas
1997 2314 2496 2382 Atheniensium
2533 2315 2598 2382 δι

206 2393 859 2458 Lacedaemoniorum
892 2389 1254 2455 intueamur
1285 2431 1306 2469 ³
1352 2411 1486 2454 nun
1533 2392 1648 2455 uid
1677 2393 1880 2456 ambae
1914 2394 2416 2474 primordialiter
2451 2396 2594 2461 fue-

209 2495 283 2539 re
312 2481 710 2548 Demamm‘cae,
737 2475 798 2540 &
836 2473 1119 2537 successu
1146 2473 1453 2554 temporis
1524 2474 1686 2548 aetae
1720 2473 1864 2539 sunt
1887 2480 1997 2541 vel
2038 2478 2446 2552 Aristocraticae',
2482 2481 2594 2545 vel

208 2562 390 2622 mixte
422 2560 450 2619 ἓ
490 2559 735 2622 Statum
761 2556 1175 2636 Reipublicae
1211 2559 1529 2620 Romanae
1572 2557 1901 2638 praecipue
1942 2556 2017 2621 ad
2063 2559 2595 2628 accuratiorem..

208 2637 516 2701 trutinam
553 2657 869 2702 vocemus
904 2677 930 2715 7
984 2650 1178 2723 atque
1219 2639 1323 2702 hic
1355 2652 1617 2721 quantas
1652 2642 1991 2704 varietates
2034 2639 2096 2703 &
2127 2640 2590 2715 vicissitudines

208 2718 463 2800 imperii
482 2720 663 2801 juxta
685 2720 1083 2785 liberrimum
1106 2721 1334 2803 populi
1357 2722 1690 2787 arbitrium
1720 2722 1955 2790 subiit?
1999 2721 2193 2786 stabat
2229 2725 2440 2806 primo
2474 2725 2591 2791 sub

207 2802 500 2886 Regibus
523 2803 655 2868 fine
687 2803 951 2898 legibus,
984 2803 1092 2888 (a)
1161 2804 1385 2869 Postea
1424 2806 2032 2869 Romulus‘ferebat
2062 2807 2232 2889 leges
2257 2827 2376 2888 per
2411 2815 2591 2874 Curia-

207 2906 326 2949 rum
343 2890 640 2968 [enuntias.
703 2885 944 2966 Ejestis
972 2886 1263 2972 Regibus
1289 2888 1526 2953 iterum
1553 2888 1803 2952 incerto
1836 2887 1981 2967 jure
2010 2889 2358 2971 regebatur.
2381 2909 2592 2973 popu-

207 2970 331 3032 lus,
414 2965 855 3032 Deferebatur
893 2967 1131 3034 summa
1166 2970 1428 3051 Imperii
1477 2970 1732 3034 duobus
1775 2970 2158 3035 Consulibus
2190 3012 2212 3051 ³
2258 2972 2344 3037 ita
2377 2984 2591 3040 tamen

205 3063 282 3113 ut
307 3049 696 3131 provocatio
725 3050 910 3114 fieret
940 3050 1017 3116 ad
1042 3056 1382 3134 populum.
1442 3071 1577 3137 quo
1605 3073 1824 3118 rerum
1856 3054 2017 3117 statu
2060 3054 2367 3139 rogabant
2413 3058 2589 3122 Con-

205 3132 372 3197 sules
394 3174 418 3212 2
457 3130 803 3198 definiebat
829 3137 1131 3214 populus,
1185 3138 1389 3201 Paulo
1418 3135 1563 3217 post
1592 3138 1630 3201 e'
1658 3135 1910 3201 Graecia
1935 3134 2256 3203 adducere
2278 3139 2468 3204 libuit
2490 3146 2587 3204 Le-

198 3236 293 3306 ges
317 3223 437 3279 ΧΗ.
469 3214 800 3281 Tabularum,
855 3214 983 3281 Sed
1009 3236 1132 3282 nec
1163 3218 1293 3282 hoc
1328 3218 1529 3283 modo
1568 3218 1937 3283 consultum
1971 3218 2085 3282 sibi
2128 3220 2253 3286 effe
2284 3221 2589 3300 credebat

252 3299 489 3379 opulus
517 3337 541 3376 2
578 3296 641 3363 δι
670 3296 833 3365 fasta
864 3298 1212 3365 secessione
1242 3301 1367 3383 ipsa
1402 3301 1516 3367 sibi
1542 3299 1855 3381 affumpsit
1876 3304 2125 3386 regulas
2154 3343 2178 3382 2
2209 3323 2359 3388 quae
2392 3326 2590 3370 voca·

249 3394 438 3447 antur
475 3379 760 3458 Pleblm'ta.
831 3379 968 3468 Jam
997 3380 1192 3448 fasces
1221 3385 1480 3466 Imperii
1506 3384 2036 3468 consignabantur
2063 3386 2364 3468 Senatui,
2395 3392 2429 3452 a
2455 3409 2588 3474 quo

202 3472 581 3532 emanarunt
600 3466 1097 3551 Senatus-consulta.
1139 3466 1431 3541 Demum
1450 3466 1689 3537 summa
1702 3486 1924 3539 rerum
1943 3467 2252 3541 devoluta
2270 3471 2346 3539 ad
2358 3478 2589 3551 unum,

2481 3553 2592 3642 Ju-

0 3648 5 3692 i
203 3629 288 3701 (ο)
320 3628 512 3702 angff.
540 3627 598 3685 de
622 3632 685 3682 ο.
706 3632 754 3700 J.
