2970 3918
1117 168 1233 249 De
1262 168 1453 247 Statu
1477 165 1828 266 eccli-fia*
2086 200 2088 205 ·
2169 105 2172 108 ‘
2444 262 2448 265 g
2526 178 2620 258 67

249 330 463 395 autem
495 326 789 408 injuriam
823 322 1040 391 facere
1075 322 1413 386 videamur
1445 323 1593 386 viro
1631 317 1785 385 huic
1822 316 1903 382 de
1941 315 2307 400 Republica
2345 318 2623 390 literaria

251 414 499 493 optime
549 411 787 475 merito
817 447 843 487 ,
886 405 953 470 id
988 422 1192 467 unum
1228 405 1414 467 nobis
1458 421 1801 468 exoramus
1831 443 1855 480 7
1899 412 1974 464 ut
2015 399 2216 481 -ipfius
2254 420 2624 486 argumenta

247 516 384 560 non
419 493 576 557 nihil
602 490 902 556 attentius
930 491 994 552 le
1028 497 1243 549 antur.
1327 489 1480 548 Hoc
1505 487 1774 550 unicum
1828 480 2224 547 indifferenti
2267 485 2480 549 animo
2511 507 2622 552 ex-

250 576 535 660 pendere
568 567 783 636 libeat.
885 505 1241 659 Diffinguit
1268 567 1528 630 Pfaffius
1565 569 1736 632 inter
1759 570 2007 642 Statum
2042 567 2351 631 Ecclefiae
2392 571 2624 635 Ordina-

249 667 385 724 rium
397 655 430 733 ,‘
459 657 572 719 seu
598 656 956 739 originarium
971 695 992 728 ,
1028 649 1090 714 &
1126 660 1293 711 mter
1323 651 1568 712 Statum
1608 652 2085 714 extraordinarium
2117 670 2189 712 ex
2221 655 2388 733 capite
2424 658 2624 733 neceffi-

247 745 371 805 tatis
392 784 412 811 ,
442 738 702 800 demum
732 731 970 811 infert,
999 751 1081 796 ex
1103 730 1470 795 neceffitate
1499 730 1740 796 factum
1772 733 1896 795 effe
1920 771 1944 808 2
1989 739 2082 812 ut
2110 737 2258 813 Jura
2286 732 2423 796 Colle
2463 737 2624 798 ὶαὶὶιις,

250 819 328 884 ad
352 814 880 900 proscribendum
905 813 1336 879 Dominatum
1357 813 1754 876 Pontificum
1773 814 1835 878 &
1858 811 2332 893 Episcoporum
2349 813 2425 876 ad
2493 817 2624 880 rin-

244 903 419 982 cipes
454 898 986 964 devolverentur.
1067 896 1325 959 Verum
1359 895 1530 956 enim
1550 913 1714 957 vero
1744 915 1877 976 quo
1905 915 1970 956 ar
2059 906 2283 957 mento
2313 895 2443 974 ipse
2461 898 2625 964 hanc

243 984 592 1049 absolutam
621 978 1066 1050 neceffitatem'
1123 976 1356 1040 robat?
1400 977 1737 1039 nullumne
1767 975 1939 1040 aliud
2013 976 2231 1039 abatur
2261 979 2623 1050 remedium

243 1063 612 1133 excutiendi
629 1062 856 1148 jugum
872 1062 1071 1127 Eccle
1099 1059 1408 1136 iasticum,
1427 1059 1487 1123 &
1500 1057 1824 1137 pristinam
1836 1057 2206 1122 vindicandi
2232 1058 2621 1143 libertatem,

289 1170 438 1214 uam
463 1166 700 1212 novam
725 1187 751 1225 3
779 1151 1050 1228 eamque
1078 1140 1492 1217 miserrimam
1529 1139 1739 1202 subire
1769 1139 2143 1204 servitutem
2172 1145 2201 1204 ’ἐ
2242 1160 2484 1225 ergone
2502 1147 2622 1210 mi-

275 1232 502 1296 errima
523 1228 808 1295 Societas
830 1223 1140 1292 Ecclesiae
1165 1224 1230 1287 se
1272 1221 1464 1304 ipsam
1502 1220 1726 1285 debuit
1756 1221 2025 1301 spoliare
2062 1262 2086 1300 2
2121 1242 2400 1303 exuere,
2423 1227 2623 1292 &de-

248 1314 488 1378 nudare
512 1310 808 1376 omnibus
833 1309 957 1373 suis
974 1307 1225 1387 jun'bus
1255 1312 1289 1369 a
1316 1306 1434 1369 suo
1470 1303 1742 1377 authore
1770 1316 1899 1368 tam
1932 1303 2281 1368 liberaliter
2315 1308 2430 1372 fibi
2460 1329 2621 1379 con-

249 1395 456 1473 ceffiS,
483 1393 683 1458 νὶξὶειε
708 1391 858 1469 dare
883 1409 1104 1455 manus
1121 1429 1146 1468 ³
1182 1408 1398 1453 novos
1425 1386 1539 1451 fibi
1575 1386 1840 1459 iniicere
1859 1383 2210 1467 compedes
2238 1428 2260 1467 2
2300 1390 2494 1474 seque
2520 1403 2625 1456 t0-

244 1492 374 1543 tam
401 1477 767 1560 relinquere
791 1473 1054 1539 arbitrio
1080 1472 1344 1535 suorum
1367 1469 1740 1550 Principum
1769 1510 1792 1548 9
1824 1468 2056 1554 quibus
2082 1472 2276 1554 longe
2302 1472 2507 1553 major
2527 1475 2623 1540 est

240 1559 669 1644 praepotentia
699 1558 940 1622 virium
969 1553 1047 1619 ad
1084 1552 1588 1633 compescendos
1615 1551 2019 1620 refractarios
2051 1593 2075 1630 a
2118 1571 2364 1636 eosque
2400 1556 2467 1618 in
2501 1559 2619 1625 suo

242 1643 466 1707 officio
495 1634 981 1705 continendos?
1025 1636 1252 1700 haecne
1299 1637 1408 1699 illa
1439 1635 1697 1699 libertas
1739 1654 1928 1699 aurea
1975 1635 2335 1720 Neophytis
2388 1641 2622 1704 Prote-

238 1725 517 1790 stanticis
555 1723 889 1804 promiffa‚
917 1721 978 1786 &
997 1718 1214 1782 afferta
1242 1722 1271 1782 ’ἑ
1313 1718 1360 1780 si
1390 1718 1762 1780 liberiorem
1789 1715 2056 1780 vivendi
2077 1717 2399 1789 licentiam
2422 1741 2501 1785 ex
2526 1722 2623 1789 di-

235 1808 632 1890 spensatione
655 1809 870 1898 legum
906 1804 970 1868 &
995 1801 1356 1864 divinarum
1386 1800 1447 1863 &
1471 1799 1904 1890 humanarum·
1923 1798 2410 1877 p'romanantem
2444 1807 2621 1874 exci÷

237 1891 371 1972 pias
397 1931 421 1969 ,
464 1891 572 1954 vel
606 1887 766 1951 nih1l
797 1927 820 1964 2
863 1887 974 1947 vel
1062 1901 1239 1944 arum
1275 1881 1579 1944 libertat1s
1630 1881 1841 1960 pretio
1873 1881 1949 1944 ab
1990 1880 2256 1946 homine
2309 1885 2632 1964 prudenti⁴

179 2008 189 2037 ι
232 1970 615 2037 aestimabilis
666 1988 746 2031 ex
790 1984 940 2047 pare
1017 1962 1399 2027 ubditorum
1443 1963 1511 2025 in
1562 1974 1710 2027 toto
1749 1982 1951 2043 opere
1980 1963 2492 2032 Reformationis
2511 1991 2615 2035 re-
2705 2024 2708 2026 ,

235 2055 465 2135 peries
548 2049 892 2124 Occurrit„
924 2045 1080 2111 dum
1112 2046 1256 2110 haec
1293 2045 1625 2111 scribimus
1652 2086 1675 2123 2
1721 2050 2093 2125 exemplum
2143 2048 2240 2109 rei
2280 2047 2433 2114 huic
2466 2052 2615 2117 illu—

233 2134 501 2210 strandae
525 2152 834 2219 perquam
862 2140 1328 2212 opportunum.
1387 2190 1393 2196 ,
1425 2127 1748 2193 Memoria
1784 2131 2079 2192 recolant
2120 2129 2486 2198 Reformati
2518 2135 2615 2199 hi-

232 2217 492 2283 storiam
529 2214 612 2278 de
653 2223 794 2299 Jure
823 2212 1154 2292 Resoemandi
1190 2230 1347 2274 mox
1401 2209 1478 2273 ab
1519 2209 1706 2286 initio
1751 2210 2263 2277 Reformationis
2305 2220 2338 2277 a
2371 2218 2617 2283 Princi-

234 2300 422 2382 pibus
463 2283 994 2360 Terri'torialibus
1043 2290 1348 2370 usurpato
1385 2330 1409 2368 2
1470 2291 1583 2355 fibi
1631 2308 1717 2355 ue
1753 2292 1896 2371 ipfis
1951 2292 2085 2355 fine
2129 2295 2272 2377 lege
2326 2298 2617 2367 vindica-

229 2395 303 2445 to
336 2421 360 2459 ,
422 2379 486 2444 &
516 2376 736 2459 postea
770 2375 839 2438 in
879 2377 1046 2438 Pace
1092 2372 1416 2457 Religiosa
1455 2373 1519 2437 &
1655 2372 1994 2453 estphalica
2043 2373 2341 2441 stabilito,
2474 2385 2615 2446 No-

231 2462 494 2539 verint,
533 2466 934 2542 quantopere
973 2456 1186 2520 Princi
1236 2474 1304 2519 es
1344 2455 1412 2520 in
1446 2455 1617 2520 illius
1651 2455 1771 2520 usu
1815 2455 1876 2521 &
1918 2455 2240 2522 illimitato
2290 2465 2608 2531 exercitio

228 2542 648 2619 excess'erint‚
686 2536 1024 2625 quomodo
1048 2476 1231 2602 illuci>
1249 2558 1371 2618 pro
1404 2538 1520 2602 suo
1556 2538 1746 2602 libitu
1773 2539 1834 2603 &
1867 2538 2170 2619 arbitrio,
2208 2543 2611 2622 proscriben-

230 2629 317 2694 do
341 2624 627 2691 subditos
664 2623 921 2688 alterius
951 2621 1280 2705 Religioni
1302 2619 1592 2686 addistos
1627 2620 2057 2685 exercuerint.
2101 2626 2450 2708 Noverint,
2476 2634 2607 2711 pri-

229 2729 374 2776 mos
416 2709 652 2773 limites
686 2703 901 2770 eidem
941 2701 1126 2767 fuiffe
1158 2703 1401 2784 pofitos
1441 2705 1508 2767 in
1541 2707 1707 2768 Pace
1740 2703 2064 2787 Religiosa
2087 2745 2111 2783 2
2155 2707 2311 2797 quin
2353 2721 2610 2779 tamen..

231 2790 464 2858 subditi
496 2802 735 2870 proeter
759 2788 937 2867 flebile
981 2786 1271 2862 beneficium
1306 2790 1656 2879 emigrationis
1692 2785 1864 2849 aliud
1905 2786 2213 2851 eblandiri
2255 2797 2610 2870 potuerint.
2723 2860 2731 2863 i

229 2872 552 2942 Noverint
573 2870 831 2935 tandem
856 2909 881 2948 9
919 2870 1138 2952 quanti
1163 2868 1398 2932 laboris
1426 2888 1590 2949 opus
1624 2866 1821 2932 fuerit
1838 2909 1860 2946 2
1882 2867 2095 2933 donec
2114 2871 2180 2934 in
2203 2874 2368 2938 Pace
2389 2877 2606 2946 Westss-

206 2956 474 3040 phalica
499 2954 622 3018 suis
656 2953 850 3017 rebus
885 2950 1115 3015 melius
1146 2951 1632 3032 prospexerint,
1679 2952 1739 3017 &
1781 2949 1847 3015 id
1881 2951 2136 3015 tandem
2174 2954 2600 3043 obtinuerint,

227 3053 302 3105 ut
324 3038 454 3120 jam
483 3045 592 3119 Jus
625 3033 935 3114 :domandi
957 3031 1033 3098 ad
1060 3056 1251 3099 annum
1274 3037 1555 3098 normalem
1583 3054 1679 3098 an.
1702 3033 1881 3110 1624.
1901 3034 2407 3120 restringeretur.
2450 3046 2606 3111 Plu'-

227 3143 298 3186 ra
334 3121 626 3198 exempla
652 3115 851 3181 menti
878 3115 1285 3196 occurrunt,
1321 3115 1383 3179 se
1411 3117 1605 3199 seque
1636 3120 1880 3181 calamo
1912 3117 2083 3200 quasl
2123 3119 2449 3188 violenter
2487 3130 2602 3192 ob-

228 3201 501 3268 trudunt
523 3240 547 3279 ,
595 3205 630 3263 a
668 3216 948 3283 quorum
987 3210 1202 3262 tamen
1236 3199 1667 3263 recenfitione
1707 3198 2036 3265 brevitatis
2070 3203 2254 3267 causa
2290 3208 2475 3272 nobis
2511 3212 2603 3277 est

226 3281 686 3350 abstinendum.
772 3281 1011 3364 Ingerit
1034 3280 1294 3346 Pfaffius
1325 3322 1349 3360 >
1391 3281 1774 3361 impoflibile
1803 3280 1951 3345 fore
1977 3323 2001 3361 2
2040 3283 2116 3347 vut
2151 3285 2218 3349 in
2241 3289 2602 3372 Republica

227 3366 572 3432 Christiana
595 3383 710 3444 per
750 3362 994 3446 integra
1024 3365 1250 3447 Regna
1292 3366 1354 3430 &
1385 3364 1759 3429 Provincias
1799 3363 2024 3429 diffusa
2057 3368 2340 3435 evitetur
2366 3377 2600 3449 confu-

224 3450 317 3517 fio
344 3491 379 3546 2¹
402 3448 826 3517 conservetur
865 3465 987 3531 pax
1011 3486 1035 3531 2
1074 3445 1136 3515 &
1165 3445 1286 3532 stet
1321 3446 1617 3514 securitas
1651 3447 1783 3517 fine
1812 3448 2086 3534 irnperio
2120 3471 2273 3524 cum
2309 3458 2378 3525 vi
2414 3478 2597 3524 com-

1387 3533 1478 3598 12
2458 3547 2595 3627 pel-
