2970 3918
1104 170 1222 254 De
1260 171 1441 256 Statu
1469 174 1761 272 Ecclefia
2532 182 2615 246 6⁷1

245 321 613 417 suffit-agium
643 328 711 394 in
746 327 1060 396 conciliis
1096 368 1122 407 ,
1163 329 1545 395 constitutio
1583 326 2057 410 Episcoporum
2087 363 2111 404 2
2155 321 2219 389 &
2252 323 2440 405 plura
2481 318 2625 397 alia,

248 429 399 493 quae
426 410 713 476 laudatus
738 412 972 476 author
999 410 1277 476 adducit.
1306 413 1415 495 (a)
1501 412 1630 478 Ubi
1665 411 1858 475 etiam
1885 407 2335 484 occasionem,
2369 422 2488 468 cur
2498 405 2627 464 Im-

247 505 575 572 peratores
605 506 707 558 tot
735 500 888 578 Jnra
918 495 1251 572 Maiestatica
1274 494 1387 557 fibi
1420 494 1828 572 attraxerint,
1870 493 2071 558 fufius
2097 488 2385 555 recenset
2403 527 2428 579 2
2456 504 2627 577 eam-

248 593 378 655 que
413 574 736 654 duplicem
772 574 1045 657 assignat.
1091 574 1366 639 Primam
1399 579 1635 655 repetit
1664 595 1745 639 ex
1768 578 2076 654 pontificatu
2104 570 2503 638 Constantim
2528 569 2631 637 M.

250 657 492 738 quippe
524 657 638 738 qui
663 657 926 718 titulum
955 660 1210 733 Pontifices
1237 663 1478 720 Maximi
1501 663 1538 720 a
1574 658 1695 723 suis
1718 656 2297 722 Praedecess'oribus
2337 650 2632 717 Ethnicis

243 736 619 817 usurpatum
651 737 854 804 etiam,
869 735 1014 816 post
1042 735 1360 815 ejuratum
1399 741 1861 804 Gentilismum
1894 739 2163 805 retinuit
2186 778 2209 816 2
2247 738 2308 802 &
2345 736 2414 800 vi
2452 738 2635 796 Ponti-

233 820 429 895 fitam
450 818 625 881 varia
656 819 802 899 jura
825 859 849 898 2
883 819 1340 902 praerogativas
1373 858 1396 896 2
1448 831 1640 903 atque
1678 822 2052 886 eminentias
2095 819 2477 903 Collegiales
2516 813 2635 878 fibi

244 899 616 964 reservavit.
721 903 1028 965 Alterum
1055 899 1326 964 desumit
1349 919 1430 962 ex
1461 903 1659 968 abusu
1693 903 2166 986 Episcoporum
2182 944 2203 982 2
2230 918 2434 986 quum
2460 897 2639 962 enim

246 981 551 1063 Episcopi
575 985 758 1063 plura
781 988 927 1068 Jura
957 981 1253 1067 Collegialia
1288 981 1366 1045 ad
1396 982 1461 1044 se
1489 984 1880 1049 attraherent
1898 1027 1921 1064 2
1959 986 2194 1051 eodem
2225 984 2372 1064 jure
2394 981 2494 1045 uti
2514 999 2639 1043 vo·-

245 1065 460 1128 lebant
486 1069 913 1147 Imperatores
929 1104 952 1142 ,
980 1063 1042 1128 &
1065 1063 1464 1128 connivente
1488 1069 1741 1148 populo
1766 1067 2024 1131 aliunde
2052 1067 2384 1149 Episcopis
2408 1081 2636 1144 parum

245 1146 550 1226 favente,
574 1169 658 1212 eo
690 1146 872 1234 quod
902 1147 977 1210 ab
1014 1147 1328 1211 exercitio
1354 1146 1618 1212 suorum
1657 1148 1911 1236 Jurium
1946 1151 2208 1214 illorum
2248 1148 2638 1212 authoritate

247 1230 544 1296 exclusus
583 1231 782 1296 fuerit
806 1272 832 1311 2
870 1229 949 1294 ad
972 1227 1162 1294 instar
1190 1230 1668 1312 Episcoporum
1693 1234 1877 1312 plura
1943 1253 2038 1296 ura
2070 1232 2367 1316 Collegialia
2393 1228 2509 1293 fibi
2535 1245 2640 1291 re-

244 1311 600 1380 servarunt.
709 1315 858 1400 Qua
890 1312 1141 1377 ratione
1181 1311 1496 1394 idipsum
1548 1314 1830 1379 fecerint
1935 1331 2083 1397 eges
2117 1313 2408 1378 Francici
2439 1353 2461 1390 2
2507 1313 2640 1374 Im-

244 1406 576 1476 peratores
608 1395 976 1463 Germanici
1010 1413 1220 1478 usque
1248 1395 1325 1459 ad
1349 1397 1711 1462 Henricum
1741 1398 1883 1475 IV,
1914 1397 1975 1462 &
1995 1398 2085 1461 V.
2109 1396 2320 1460 donec
2349 1390 2639 1458 Romani

246 1478 602 1544 Pontifices
649 1481 794 1545 haec
850 1478 994 1559 jura
1027 1476 1142 1540 fibi
1193 1477 1666 1544 vindicaverint
1706 1480 1880 1561 idem
1921 1478 2122 1543 fufius
2167 1477 2448 1542 deducit.
2482 1474 2634 1558 (b)

247 1564 568 1647 Quaerere
588 1561 720 1642 jam
743 1562 934 1626 liceat
961 1600 984 1638 2
1028 1579 1105 1623 an
1140 1580 1275 1623 non
1310 1563 1642 1643 Principes
1679 1561 2128 1627 Protestantici
2162 1560 2306 1642 post
2342 1570 2638 1638 tempora

247 1644 763 1710 Reformationis
789 1683 814 1722 ,
853 1644 915 1708 &
941 1643 1342 1728 singulariter
1363 1649 1397 1707 a
1429 1658 1724 1726 tempore
1759 1645 1939 1710 Pacis
1961 1642 2426 1730 Wessphalicae
2467 1640 2643 1732 idem

248 1725 486 1792 faciant
505 1767 528 1807 ,
556 1725 739 1812 quod
766 1725 982 1791 fecere
1010 1728 1438 1806 Imperatores
1477 1735 1660 1791 antea
1678 1767 1702 1805 2
1727 1748 1805 1790 an
1830 1746 1968 1791 non
2001 1725 2229 1810 majori
2254 1725 2334 1789 v-i'
2354 1734 2535 1810 agant
2569 1735 2638 1785 m

248 1815 400 1957 {gra
430 1808 736 1897 Coflegialia
761 1854 780 1883 ,
831 1827 1035 1892 eaque
1072 1807 1274 1871 ferme
1313 1809 1528 1872 omnia
1573 1809 1687 1874 fibi
1728 1818 2028 1894 arrogent
2059 1849 2082 1888 ³
2123 1829 2202 1872 an
2235 1827 2372 1871 non
2409 1811 2640 1871 Prote-

341 1903 480 1956 ntes
496 1895 643 1972 plus
659 1890 863 1955 causae
889 1891 1156 1953 habeant
1181 1890 1633 1973 conquerendi
1662 1903 1891 1957 contra
1918 1891 2066 1955 suos
2095 1890 2424 1971 Principes
2454 1889 2515 1954 &
2544 1887 2639 1952 di·-

249 1973 579 2054 reptiones
624 1973 890 2056 suorum
931 1976 1148 2055 Jurt’um
1189 1973 1541 2055 Collegialiam
1572 2014 1596 2051 2
1643 1993 1836 2058 quam
1880 1973 2159 2037 habuere
2202 1974 2365 2037 olim
2409 1981 2639 2035 contra

248 2055 604 2120 Pontifices
645 2054 707 2118 &
755 2053 1115 2136 Episcopos
1152 2057 1179 2117 ἓ
1221 2054 1509 2119 Videant
1549 2057 1744 2142 igitur
1794 2055 2137 2141 quomodo
2182 2057 2299 2121 suo
2350 2053 2569 2119 Coetui
2601 2059 2637 2116 {a

245 2136 371 2209 suis
407 2135 976 2202 Reformatoribus
996 2135 1213 2200 >fuerit
1250 2137 1619 2203 con-fultum
1650 2179 1675 2217 ‚
1709 2140 1823 2226 qui
1844 2179 1868 2218 >
1912 2137 2068 2203 dum
2108 2139 2232 2206 suis
2277 2138 2512 2202 affeclis
2560 2137 2638 2199 li-

245 2217 564 2283 bertatem
590 2218 1127 2286 conscientiarum
1165 2239 1301 2299 non
1335 2233 1587 2285 tantum
1620 2221 1728 2285 sed
1756 2224 1947 2286 etiam
1982 2221 2458 2286 restitutionem
2492 2220 2640 2282 suo-

244 2302 394 2364 r'um
422 2300 673 2394 Jurium
699 2301 1163 2381 promittebant
1197 2342 1221 2381 2
1246 2301 1391 2367 haec
1418 2302 1622 2369 ferme
1652 2306 1869 2368 omnia
1894 2303 1960 2366 in
1983 2304 2249 2368 tertium
2279 2347 2302 2385 9
2331 2303 2638 2368 videlicet

245 2383 316 2447 in
345 2381 677 2466 Pr1ncipes
707 2383 1164 2448 Terssoriales
1186 2388 1669 2451 transtulerunt.
1775 2389 2027 2466 Nempe
2060 2385 2378 2473 quidquid
2414 2381 2636 2450 fecere

245 2464 604 2529 Pontifices
630 2506 654 2544 9
688 2464 749 2528 δι
774 2465 1075 2548 Epffseopi
1106 2507 1129 2544 2
1172 2467 1399 2531 abusus
1430 2468 1555 2532 suit
1587 2509 1610 2546 ³
1652 2469 1868 2531 omnia
1902 2467 2168 2532 illorum
2207 2469 2343 2535 atta
2378 2469 2438 2532 δε
2467 2466 2635 2551 gesta

244 2567 384 2611 non
413 2545 528 2611 nifi
556 2558 856 2612 attentata
882 2549 1147 2613 fuerunt
1168 2592 1189 2629 3
1212 2562 1479 2614 econtra
1502 2550 1819 2636 quidquid
1851 2561 2043 2635 agunt
2068 2551 2405 2634 Principes
2430 2550 2634 2615 saecu·

244 2632 406 2695 lares
440 2671 466 2708 2
486 2628 636 2717 jure
667 2645 896 2716 agunt,
929 2631 1173 2696 faciunt
1197 2674 1219 2712 9
1256 2632 1536 2699 statuunt
1560 2674 1582 2712 2
1611 2635 1672 2700 &
1710 2632 2090 2699 decernunt.

290 2743 293 2746 ⁴
409 2711 524 2776 Ad
562 2713 789 2799 3.tium
822 2725 1013 2797 caput
1041 2714 1171 2795 jam
1207 2715 1582 2780 delabimur.
1637 2716 1644 2724 ’
1681 2715 1876 2782 Haud
1916 2716 2095 2782 secus
2139 2717 2204 2781 in
2238 2713 2632 2801 designandis

244 2793 484 2879 finibus
519 2796 670 2872 Juris
705 2802 757 2859 in
785 2801 931 2866 sacra‘
957 2844 975 2871 ,
1021 2817 1210 2881 quam
1251 2800 1315 2863 in
1351 2798 1736 2863 adstruendo
1780 2801 1950 2864 ill-‘jus
1994 2800 2417 2867 fundamento
2465 2799 2634 2862 inter

242 2877 310 2941 se
350 2876 726 2941 scinduntur
752 2878 914 2943 DD.
943 2881 1410 2947 Protestantici.
1508 2886 1593 2947 Et
1625 2883 1909 2962 inprimis
1943 2882 2205 2966 quidem
2245 2903 2441 2957 nemo
2475 2880 2635 2944 libe-

243 2961 442 3029 ralior
477 2978 765 3044 unquam
803 2960 870 3026 in
899 2965 1288 3045 Imperantes
1318 2965 1478 3039 fuit,
1518 2979 1625 3028 aut
1656 2967 1780 3029 esse
1816 2967 2033 3047 potuit
2066 3007 2089 3047 2
2130 2986 2320 3050 quam
2362 2964 2634 3112 Hone-

1459 3051 1526 3112 H
1569 3064 1606 3130 3
2507 3064 2632 3127 ωε,

242 3141 346 3210 ‘⁸’
372 3141 613 3274 33:223?
646 3141 1569 3273 {faffizfsstti‘zfffz.f⁰'{:.‘.'⁴}¹.t...2¹²
1585 3145 1910 3266 f5525?:.'.‘:.;·”5
1924 3147 2267 3265 ..⁶⁰.‘:‘1·.¹:‚‘:::·3:
2303 3155 2634 3279 ’ἕέἑέξῖευὲΐ

379 3278 452 3326 vel
484 3275 779 3340 prohibendi,
811 3280 878 3335 jur
900 3278 1263 3338 intereffendi‚&
1285 3280 1526 3339 audiendi,
1561 3295 1620 3330 ne
1648 3281 1753 3341 quid
1778 3281 2044 3347 Reipublicae
2081 3284 2354 3335 contrarium
2391 3285 2627 3336 statuatur.

373 3347 458 3409 Jun
473 3343 801 3402 confirmandi,
826 3346 874 3392 ἁ
899 3345 1012 3394 illino
1033 3346 1313 3397 decretorum
1346 3350 1659 3397 executionem
1684 3351 1965 3411 procurandi.
2010 3350 2086 3398 Ad
2107 3349 2367 3417 CoHegeaelu‘ae
2402 3351 2535 3403 refert
2563 3360 2632 3415 jun

376 3410 691 3470 convocandi,
723 3410 977 3472 dirigendi,
1015 3411 1152 3463 dandi
1188 3430 1340 3464 votum
1368 3428 1383 3470 ι
1420 3432 1476 3464 ex
1509 3432 1600 3480 quo
1639 3417 1848 3476 colligere
1880 3417 2009 3475 licet,
2038 3418 2157 3481 quod
2196 3420 2299 3468 licet
2333 3423 2628 3482 Imperatores

371 3479 583 3528 eoncilia
605 3477 866 3527 convocasse
896 3480 1102 3543 legamus
1122 3514 1136 3540 ‚
1162 3482 1205 3530 id
1231 3484 1298 3531 vel
1336 3499 1454 3531 mere
1480 3484 1534 3530 de
1548 3480 1684 3548 sablo
1713 3485 1986 3534 connivente
2006 3484 2194 3534 Ecclesia
2211 3517 2224 3541 ,
2254 3488 2322 3536 vel
2346 3498 2525 3538 nomine
2538 3506 2626 3557 po·

244 3609 327 3681 (b)
359 3545 468 3681 ptig-
487 3547 674 3680 gimo,
704 3561 840 3615 quam
871 3549 1055 3618 proptio
1078 3547 1302 3614 fecerint,
1334 3550 1420 3604 hoe
1446 3549 1536 3621 ipso
1562 3551 1684 3622 quod
1708 3554 1978 3611 convocatio
1998 3552 2049 3607 fit
2063 3553 2158 3621 jus
2186 3554 2432 3627 collegeale.
