2970 3918
274 224 305 284 5
324 222 361 270 2
1107 198 1303 292 Caput
1334 196 1384 271 Ι.
1432 205 1495 286 5.
1526 192 1768 271 XXII.

269 350 379 415 Ab
399 348 481 415 eo
509 360 805 432 tempore
830 310 1183 412 doEtrinam
1215 344 1620 410 Pufendorfii
1645 350 1828 412 velut
1851 345 1930 411 de
1962 350 2136 412 coelo
2164 348 2628 431 lapfam'amba-

268 433 388 496 bus
421 435 705 498 manibus
748 430 1084 508 amplexati
1120 429 1264 492 sunt
1306 428 1929 494 DD.Pr0testantici
1958 450 2180 495 omnes
2228 454 2242 494 ε
2299 451 2500 512 porro
2527 451 2636 496 au-

272 527 404 578 tem
438 516 500 578 in
532 510 908 596 explicando
949 512 1078 573 hoc
1115 508 1458 606 systemate
1490 514 1863 595 neutiquam
1891 511 2007 575 fibi
2037 512 2220 576 fuere
2252 515 2635 577 constantes·
2664 541 2669 545 ·

275 596 403 661 Sed
440 616 557 675 pro
597 592 958 656 diversitate
1003 592 1653 676 ingeniorumxvarias
1698 595 2142 677 excogitarunt
2187 593 2479 678 hypotheses
2513 639 2530 667 ‚
2573 594 2635 658 &

270 677 612 758 principia³
667 686 742 737 ut
770 674 933 738 illud
958 674 1306 738 stabilirent
1340 697 1352 735 ε
1378 675 1978 739 “animadvertebant
2006 696 2237 756 nempe
2263 697 2452 760 quam
2470 675 2637 755 opti·

270 778 375 821 me
449 777 592 819 uam
627 756 887 819 infirmo
926 755 1054 821 hoc
1089 756 1350 842 systema
1391 755 1772 821 sustentetur
1801 758 2259 835 fundamento)
2307 760 2367 822 &
2394 757 2544 820 ideo
2571 758 2639 819 in

268 851 370 902 tot
445 840 671 902 iversas
703 837 934 918 delapsi
961 839 1104 903 sunt
1140 838 1517 919 opiniones,
1563 837 1646 904 de
1681 840 1911 924 quibus
1946 842 2001 919 ᾗ.
2021 860 2176 904 mox
2197 840 2322 923 seq.
2431 839 2638 903 Nobis

266 922 396 983 hoc
426 924 635 1000 systema
666 940 746 983 ex
773 941 856 984 eo
891 922 1098 1001 capite
1138 920 1401 984 videtur
1430 921 1826 1002 suspestum,
1873 922 2054 1005 quod
2074 922 2149 984 sit
2183 941 2470 999 novum,
2517 928 2634 984 no-

263 1003 432 1065 viter
455 1001 783 1081 excusum,
802 1014 945 1066 ante
970 1001 1403 1067 Pufendorfifi
1419 1003 1773 1068 inauditum
1796 1045 1819 1081 ³
1852 1004 1912 1068 δε
1943 1005 2113 1067 illius
2141 1003 2630 1067 fundamentum

265 1086 518 1146 nullum
541 1085 607 1146 in
626 1096 763 1148 tota
785 1096 962 1148 retro
999 1085 1134 1149 asta
1159 1096 1348 1150 aetate
1365 1125 1387 1162 2
1406 1085 1468 1151 &
1491 1086 1861 1169 antiquitate
1881 1087 2148 1166 reperiri
2165 1089 2373 1149 valeat
2391 1099 2655 1168 ,quum

266 1179 477 1230 tamen
502 1168 928 1230 Protestantes
945 1167 1162 1248 paffim
1183 1168 1260 1230 ad
1279 1168 1404 1231 anti
1453 1188 1598 1231 uam
1633 1170 1942 1233 Ecclesia-e
1972 1168 2363 1247 disciplinam
2390 1185 2639 1249 provo-
2695 1231 2707 1251 l

263 1267 409 1312 care
439 1249 720 1327 soleant,
763 1251 877 1313 vel
909 1250 1082 1313 enim
1116 1249 1278 1312 illud
1309 1269 1391 1313 ex
1470 1250 1678 1313 uobus
1716 1251 1931 1331 primis
1980 1251 2269 1330 saeculiS,
2312 1249 2378 1311 in
2403 1248 2635 1334 quibus
2673 1316 2679 1317 ff

265 1330 476 1396 adhuc
494 1331 724 1412 purior
743 1331 1054 1396 Ecclesiae
1084 1330 1410 1411 disciplina
1435 1331 1579 1411 ipsis
1613 1332 1961 1395 fatentibus
1991 1334 2232 1416 viguit,
2272 1335 2487 1395 velex
2506 1342 2635 1394 ter-

265 1416 360 1477 tio
387 1415 448 1479 &
469 1413 876 1498 sequentibus
903 1413 1181 1494 probare
1206 1415 1487 1478 volunt?
1529 1432 1610 1476 ex
1641 1414 1963 1493 prioribus
2000 1415 2290 1479 nondum
2316 1413 2635 1478 sufficien·
2683 1436 2686 1439 ⁴

266 1509 366 1560 ter
403 1497 496 1560 est
532 1497 917 1577 probatum,
959 1507 1158 1577 prout
1180 1516 1356 1560 ‚mox
1393 1493 1702 1560 dicemus,
1816 1498 1918 1559 Ex
1958 1495 2483 1581 subsequentibus
2511 1515 2636 1558 nec

263 1581 540 1657 volunt,
583 1597 707 1642 nec
741 1578 998 1658 pofl'unt
1018 1580 1295 1659 probare
1331 1601 1344 1642 :
1385 1576 1515 1655 jam
1554 1577 1725 1640 enim
1751 1576 1931 1656 Juxta
1969 1579 2235 1642 illorum
2267 1578 2630 1643 doctrinam
2663 1644 2678 1651 ,

260 1664 426 1743 δεεᾳ
444 1677 502 1742 3.
525 1661 946 1724 Pontificatus
972 1663 1309 1724 Romanus
1339 1676 1525 1742 agere
1550 1658 1794 1722 radices
1810 1699 1832 1736 9
1878 1662 2257 1725 Authoritas
2279 1661 2635 1741 Episcopo-

266 1765 411 1808 rum
447 1746 774 1821 creseere,
817 1741 1211 1806 Dominatus
1252 1740 1576 1805 Clericalis
1613 1740 1908 1819 stabiliri,
1953 1755 2145 1827 atque
2179 1743 2306 1823 ipsa
2347 1743 2662 1808 Ecclesia

264 1827 333 1889 in
372 1825 864 1905 Rempublicam
904 1823 1291 1906 degenerare
1331 1822 1552 1904 coepit.
1662 1823 1785 1888 Sed
1821 1825 1886 1887 O
1913 1842 2054 1890 rem
2080 1825 2303 1891 miram
2324 1825 2633 1906 profesto

263 1912 472 1971 Sacrae
499 1907 850 1987 Scripturae
891 1906 954 1971 δι
990 1904 1519 1969 Promiffionibus
1553 1905 2266 1986 Diviniscontrariam,
2311 1926 2461 1991 quae
2493 1926 2636 1972 om·-

264 2010 413 2051 nem
454 1987 655 2052 fidem
687 1989 748 2054 δι
785 1987 1189 2052 intellestum
1228 1987 1576 2051 humanum
1613 1987 2017 2052 transcendit.
2126 1992 2288 2072 Quis
2322 1991 2494 2054 enim
2521 1987 2654 2054 fibi'

262 2070 669 2153 persuadeat,
713 2068 896 2153 quod
932 2069 1218 2134 Christus
1247 2069 1576 2133 Dominus
1612 2089 1765 2133 mox
1791 2069 1936 2149 post
1978 2090 2179 2133 unum
2198 2110 2222 2148 2
2273 2074 2658 2136 alterumve·

262 2156 573 2219 saeculum
615 2152 804 2233 suam?
824 2162 1026 2214 totam
1050 2151 1398 2216 Ecclesiam
1435 2151 1522 2214 ita
1549 2152 1877 2231 corrumpi
1894 2192 1916 2230 2
1946 2151 2246 2231 alterari,
2294 2172 2367 2217 ac
2401 2155 2633 2218 mutari

261 2235 615 2318 permiserit
635 2274 656 2311 2
703 2245 777 2296 ut
823 2234 889 2297 in
929 2232 1111 2295 aliam
1147 2232 1408 2312 prorsus
1454 2233 1729 2296 formam
1769 2248 2139 2314 corruptam
2177 2232 2632 2318 degeneraret,

265 2331 324 2380 at
374 2337 456 2379 ue
489 2317 552 2379 in
580 2315 695 2377 suo
722 2313 884 2377 statu
914 2315 1349 2396 corruptionis
1386 2317 1554 2378 ultra
1593 2331 1688 2395 13.
1714 2313 1945 2378 saecula
1971 2314 2384 2395 perdurarem
2472 2334 2633 2382 uum

265 2401 324 2478 ei
374 2419 477 2461 em
513 2396 687 2461 suam
726 2396 1121 2460 assistentiam
1157 2408 1287 2461 tam
1311 2395 1630 2474 fideliter,
1677 2397 1739 2461 &
1774 2396 2190 2462 infallibiliter
2222 2399 2434 2479 promi
2463 2398 2631 2463 erit?

260 2482 439 2551 Dein
469 2480 729 2557 demus)
775 2477 955 2562 quod
985 2477 1271 2542 Christus
1300 2478 1628 2543 Dominus
1655 2483 1985 2551 Societatem,
2030 2481 2182 2544 &in
2211 2499 2282 2541 ea
2286 2486 2526 2561 formam
2543 2499 2632 2543 re-

261 2569 463 2648 gimim's
490 2564 892 2643 confoederatam
935 2559 1316 2639 instituerit,
1363 2562 1425 2626 &
1454 2573 1631 2624 totus
1665 2562 1890 2623 Coetus
1918 2559 2423 2625 Christianorum
2444 2565 2630 2643 ἄεσα.»

268 2646 563 2730 collegialia
590 2643 707 2705 sub.
729 2642 1087 2707 direfitione
1104 2643 1384 2723 primum
1410 2644 1881 2722 Apostolorum
1899 2682 1920 2718 2
1948 2644 2008 2705 δι
2037 2641 2254 2720 postea
2275 2643 2630 2722 Episcopo-

263 2748 410 2791 rum
454 2725 818 2789 exercuerit
859 2747 873 2785 t
929 2744 1127 2808 quare
1176 2743 1332 2808 eigo
1375 2725 1865 2790 Reformatores
1910 2723 2216 2786 Ecclesiae
2272 2724 2634 2805 Episcopus

268 2810 399 2873 hoc
424 2807 539 2872 suo
567 2806 714 2887 jure
741 2805 1056 2891 dirigendi
1086 2820 1441 2886 exuerunt>
1485 2806 1690 2887 ipsum
1735 2823 1896 2865 vero
1937 2807 2196 2868 Coetum
2221 2810 2440 2888 Juribus
2469 2806 2633 2870 chue-

263 2892 486 2976 gz‘alibus
530 2890 915 2969 spoliarunt,
959 2907 1163 2973 eaque
1206 2887 1413 2953 ferme
1444 2888 1657 2953 o‘mnia
1692 2886 1756 2948 in
1775 2884 1922 2950 suos
1944 2887 2271 2966 Principes
2296 2887 2631 2953 saeculares

269 2974 770 3037 transtulerunt?
817 2970 864 3034 sl
913 2969 1163 3049 dicant,
1209 2970 1370 3034 hanc
1400 2967 1871 3063 argumentandi
1917 2970 2233 3031 rationem
2285 2989 2420 3032 non
2464 2972 2631 3033 bene
2700 2988 2710 3037 ζ

271 3054 709 3131 concludere„
750 3073 833 3117 eo
883 3052 1065 3139 quod
1105 3063 1262 3134 tunc
1301 3063 1611 3133 temporis
1643 3050 1928 3113 Ecclesia
1965 3049 2253 3114 nondum
2292 3051 2491 3115 fuerit
2531 3051 2630 3115 in·-

270 3156 432 3201 nexa
456 3136 865 3216 Reipublicae
884 3177 907 3215 ,
952 3134 1108 3221 quid
1140 3127 1327 3199 tui-h?
1369 3133 1576 3212 stetit,
1619 3132 1680 3197 δε
1709 3132 1932 3195 floruit
1958 3133 2280 3211 Ecclesia,
2311 3135 2482 3199 &ita
2506 3133 2630 3197 flo-

268 3219 437 3296 ruit,
479 3228 555 3280 ut
580 3237 906 3302 nunquam
933 3217 1124 3302 magis
1149 3216 1475 3296 floruerit,
1519 3215 1650 3279 fine
1676 3217 1816 3277 ullo
1841 3215 2113 3296 imperio
2141 3216 2308 3279 inter
2331 3216 2630 3297 persecu·

269 3303 480 3366 tiones
502 3312 920 3384 tyrannorum
946 3300 1058 3363 sub
1084 3298 1439 3365 direftione
1464 3297 1931 3383 Episcoporum
1947 3338 1970 3375 9
2040 3317 2193 3361 uare
2217 3317 2349 3360 non
2374 3299 2485 3362 sub
2515 3297 2630 3360 im·

268 3384 449 3466 perio
479 3382 848 3467 Principum
872 3382 1411 3462 Christianorum,
1440 3379 1794 3450 dummodo
1819 3380 1981 3445 certi
2056 3390 2348 3446 atuantur
2365 3379 2628 3525 limiteg}

2940 3118 2942 3141 e*
2918 2888 2953 3083 >2-m7-..p-421
2931 2747 2954 2834 2‘sx:,:
2932 2718 2935 2723 '
2932 2691 2934 2694 '
2928 2647 2930 2651 “
