2970 3918
1109 157 1223 236 De
1252 156 1432 232 Statu
1464 153 1751 250 Ecclefiae.
2458 141 2463 145 ’
2531 181 2616 248 35

233 315 468 381 testatis
503 312 798 381 resediss'e
838 327 1034 394 penes
1067 309 1294 390 illum,
1338 311 1454 396 qui
1478 309 1741 392 primus
1774 302 1852 370 ad
1895 301 2239 388 imperium
2270 311 2574 388 pervenit
2592 356 2618 395 ‚

231 411 338 461 aut
371 400 416 461 fi
444 397 579 463 duo
607 415 879 481 regnum
913 392 1152 457 eodem
1186 394 1390 458 modo
1432 391 1891 478 acquisiviss'e2
1912 389 1974 454 δι
2004 391 2354 462 exercuisse
2390 393 2621 478 depre⁴

230 482 409 544 hensi
442 482 627 558 sunt,
670 480 738 544 hi
768 476 902 541 duo
929 478 1040 538 vel
1076 477 1295 555 plures
1333 475 1656 558 sceptrum
1694 472 2019 558 regiminis
2049 493 2170 553 pro
2200 475 2477 555 indiviso
2510 481 2616 543 ha-

232 565 430 628 buiffe
460 560 720 627 dicendi
752 558 872 621 slnt
909 559 1062 639 (a).
1193 559 1436 622 Modus
1479 557 1852 642 acquirendi
1900 557 2248 637 Imperium
2294 564 2620 627 Monarchi-

231 668 345 707 cum
379 643 666 708 diversus
703 639 795 704 est
839 663 854 702 z
913 651 1022 702 aut
1056 640 1232 703 enim
1263 642 1597 726 loquimur
1624 640 1704 703 de
1739 638 2019 719 Imperio
2054 660 2176 719 per
2210 646 2322 704 vfm
2354 645 2619 725 injustam,

231 730 343 791 vel
368 729 562 819 justam
595 734 921 802 occupato
962 743 978 784 z
1036 722 1104 784 in
1145 724 1348 803 priori
1389 724 1536 787 casu
1579 723 1929 802 occupatio
1971 721 2260 788 violenta
2297 745 2378 787 ex
2402 727 2619 809 super-

228 809 521 872 vementi
558 805 875 881 consensu
903 803 1079 890 quafi
1115 817 1378 869 extorto
1409 805 1637 885 populi
1674 806 1844 868 inter
1879 803 2013 867 duo
2053 808 2215 871 mala
2249 806 2461 874 minus
2490 831 2622 875 ma-

230 894 372 956 lum
432 891 729 975 eligentis
796 888 925 952 fuit
993 886 1230 951 modus
1299 884 1674 970 acquirendi
1739 887 2113 966 Imperium.
2243 891 2454 957 Porro
2512 914 2624 960 au·

230 985 367 1039 tem
468 972 767 1037 uomodo
815 991 898 1034 ex
938 970 1050 1035 tali
1099 970 1533 1051 occupatione
1580 988 1697 1048 per
1742 969 2121 1034 consensum
2162 975 2393 1054 populi
2441 992 2622 1042 metu

232 1058 433 1140 gravii
463 1076 594 1120 imo
625 1054 882 1135 majoris
919 1053 1068 1117 mali
1104 1052 1388 1117 evitandi
1430 1054 1611 1116 causa
1649 1064 1978 1116 extortum
2009 1054 2277 1118 stabilita
2315 1058 2622 1126 invasori,-

234 1142 352 1203 bus
386 1140 496 1228 Jus
538 1137 790 1219 imperii
833 1135 1239 1220 acquiratur„
1282 1135 1563 1218 ipsisque
1598 1133 1861 1198 subditis
1898 1136 2206 1219 obligatio
2237 1138 2623 1209 inevitabilis

234 1221 762 1302 obtemperandi,
802 1231 996 1304 atque
1033 1217 1264 1302 jugum
1307 1217 1722 1297 subjestionis
1761 1217 1991 1282 coacte
2033 1219 2419 1302 affumptum
2464 1247 2622 1307 por-

232 1305 410 1369 tandi
443 1305 767 1380 nascatur‚
813 1303 972 1388 quin
990 1303 1100 1364 vel
1128 1305 1560 1383 imperantem
1591 1300 1708 1364 suo
1737 1319 1940 1385 regno
1972 1320 2237 1381 exuere,
2266 1305 2450 1385 casu>
2489 1329 2627 1393 quo

227 1387 470 1470 justum
502 1385 914 1468 poss'efl'orem
943 1404 1061 1466 per
1093 1384 1229 1448 vim
1265 1385 1327 1450 &
1357 1383 1736 1448 violentiam
1763 1383 1879 1448 suo
1904 1381 2053 1462 jure
2081 1386 2476 1467 poss'effionis
2495 1433 2518 1470 a
2552 1415 2627 1458 ac

233 1471 643 1553 proprietatis
686 1469 983 1549 spoliavit
1008 1507 1032 1545 ³
1093 1470 1207 1531 vel
1254 1468 1576 1552 antiquam
1621 1467 1874 1548 imperii
1912 1464 2187 1531 formam
2229 1471 2628 1550 postliminio

235 1553 653 1619 introducere
683 1551 956 1632 poffint,
1001 1550 1185 1633 casu³
1231 1570 1365 1634 quo
1398 1550 1536 1617 talis
1561 1550 1817 1614 invasor
1847 1552 2030 1620 aliam
2059 1554 2318 1631 Imperii
2349 1556 2629 1625 formam

234 1636 500 1701 subditis
533 1634 844 1712 obtrusit„
893 1635 973 1698 &·
999 1631 1273 1696 fortassis
1316 1633 1807 1698 Democratiam
1827 1675 1861 1717 2
1894 1637 2007 1698 vel
2037 1636 2526 1704 Aristocratiam
2561 1643 2629 1707 in

234 1719 679 1786 Monarchiam
707 1719 1027 1794 muta-vit,
1071 1726 1230 1781 tunc
1257 1716 1688 1797 potissi-mum,
1735 1715 1995 1800 quando
2035 1723 2476 1799 opportuniss'a
2515 1744 2631 1790 oc-

234 1803 404 1868 casio
442 1802 584 1881 jura
611 1802 865 1885 antiqua
896 1797 1269 1864 vindicandi
1294 1799 1357 1862 se
1384 1797 1619 1875 offert,
1664 1798 1770 1864 hic
1799 1799 2115 1878 Rhodus,
2162 1802 2268 1865 hic
2298 1803 2486 1871 saltus
2511 1809 2627 1876 est.

239 1884 534 1971 Quaestio
569 1885 715 1948 haec
744 1901 935 1976 quam
966 1880 1297 1961 saepissime
1334 1880 1623 1946 occurrit
1653 1881 1722 1943 in
1747 1881 1900 1965 Jure
1936 1893 2063 1944 tarn
2087 1884 2342 1963 privato
2361 1929 2384 1966 2
2432 1909 2626 1972 quam

237 1969 548 2050 public0,
593 1967 656 2031 &
688 1966 858 2029 illius
886 1963 1126 2028 decisio
1172 1963 1406 2039 exinde
1451 1961 1819 2042 dependere
1847 1964 2148 2044 videtur,
2192 1981 2414 2035 utrum
2443 1975 2627 2053 pacta

237 2064 442 2137 eaque
472 2062 602 2114 tam
630 2048 880 2129 privata
907 2067 1099 2132 quam
1121 2047 1382 2126 publica
1420 2046 1595 2131 gravi
1631 2064 1848 2130 eoque
1889 2046 2125 2126 inJ'usto
2163 2065 2346 2117 metu
2372 2069 2627 2123 extorta

232 2137 391 2222 Jure
422 2145 668 2197 naturae
691 2126 1018 2218 'valeant3
1048 2128 1206 2214 quid
1253 2128 1368 2194 uid
1393 2129 1477 2194 de
1502 2128 1707 2209 pastis
1747 2131 2154 2210 privatorum
2179 2131 2294 2211 fit,
2340 2157 2489 2220 quae
2513 2141 2626 2228 Ju..

235 2239 309 2282 re
347 2230 597 2281 naturae
633 2213 758 2280 effe
794 2212 1073 2276 invalida
1115 2213 1194 2275 ha
1263 2233 1461 2291 enus,
1505 2215 1755 2291 semper
1787 2214 1974 2281 nobis
2012 2215 2372 2295 persuasum
2406 2221 2631 2288 habui·-

240 2319 383 2363 mus
404 2339 429 2378 ,
473 2301 671 2380 longe
705 2293 879 2359 aliud
908 2293 1259 2360 dicendum
1289 2296 1412 2358 erit
1444 2294 1526 2360 de
1552 2293 1750 2375 pastis
1774 2297 2049 2375 publicis
2086 2312 2267 2364 metu
2302 2302 2492 2369 etiam
2530 2308 2628 2372 in-

234 2382 410 2463 justo
465 2376 736 2445 extortis
763 2417 788 2456 2
843 2377 1054 2471 qualia
1090 2377 1235 2440 sunt
1276 2375 1526 2441 foedera
1567 2377 1733 2440 inter
1766 2389 2020 2461 gentes>
2068 2380 2130 2444 δε
2182 2401 2413 2466 regna,
2459 2387 2630 2455 inter

239 2463 571 2544 Principes
606 2461 669 2526 &
696 2458 990 2524 subd1tos
1023 2478 1080 2523 e.
1114 2477 1171 2544 g.
1210 2459 1407 2524 variae
1440 2461 1679 2537 Faces,
1722 2459 2081 2541 specialiter
2118 2465 2247 2526 Pax
2288 2467 2627 2550 Westpha-

239 2549 400 2627 lica,
446 2563 596 2630 quae
629 2543 846 2607 saltem
884 2562 965 2606 ex
997 2542 1325 2622 principiis
1375 2541 1724 2607 Catholicis
1754 2554 1938 2607 metu
1965 2542 2196 2623 injuste
2225 2548 2403 2613 illato
2438 2552 2625 2621 fuiffe

236 2641 493 2697 extorta
527 2626 656 2693 dici
690 2623 855 2689 solet
897 2648 912 2687 ε
967 2624 1114 2688 talia
1147 2625 1321 2688 enim
1351 2626 1532 2706 pasta
1565 2625 1861 2707 pub-lica,
1908 2627 2182 2692 maxime
2230 2631 2412 2710 pasta
2448 2645 2670 2716 Pacis„

238 2719 290 2784 fi
327 2709 607 2779 invalida
636 2708 960 2787 dicamus>
1004 2715 1200 2793 atque
1224 2708 1338 2772 uni
1360 2709 1525 2790 parti
1552 2708 1690 2772 vim
1719 2709 2011 2790 injustam
2037 2710 2154 2773 fibi
2191 2712 2427 2780 illatam
2463 2739 2625 2785 con-

242 2793 544 2888 querenti
588 2791 802 2857 oblata
843 2791 1184 2855 occasione
1212 2789 1318 2871 jus
1363 2790 1731 2857 vindicandi
1763 2791 2173 2873 poffeffiones
2218 2795 2353 2862 suas
2405 2805 2624 2868 affera-

238 2899 423 2959 mus>
452 2874 595 2972 quis
617 2875 740 2939 erit
764 2873 911 2938 finis
938 2874 1306 2940 bellorum?
1349 2895 1570 2940 nonne
1603 2874 1729 2956 ipsa
1761 2895 1882 2955 pax
1916 2875 2037 2939 erit
2066 2876 2468 2948 incentivum
2505 2909 2626 2951 no-

238 2969 310 3032 vi
334 2963 532 3031 belh3
579 2979 705 3043 qua
740 2957 1007 3021 ratione
1029 2958 1152 3022 erit
1179 2958 1550 3023 consultum
1588 2958 1753 3038 parti
1790 2957 2021 3038 victae,
2067 2980 2191 3043 qua
2226 2984 2377 3029 cum
2407 2968 2626 3038 victor

239 3052 497 3115 nullum
524 3041 714 3107 faciet
736 3038 1035 3122 pastum,
1077 3045 1321 3106 nullam
1348 3042 1532 3105 inibit
1558 3062 1818 3123 pacem,
1864 3042 1994 3106 hoc
2019 3043 2192 3124 ipso„
2240 3049 2621 3136 quodisciat³

239 3130 669 3218 paciscentem
700 3122 864 3188 adeo
888 3124 1265 3204 periculosis
1298 3124 1513 3210 agitari
1541 3122 1904 3211 principiis,
1947 3137 2023 3189 ut
2045 3127 2289 3195 tamdiu
2319 3130 2438 3196 fibi
2462 3137 2626 3203 stan-

242 3217 402 3281 dum
442 3209 566 3274 ess'e
611 3205 755 3289 paci
801 3205 1156 3288 existimet,
1201 3207 1511 3294 quamdiu
1556 3209 1714 3272 salus
1762 3208 2174 3290 Reipublicae
2224 3215 2285 3280 &
2325 3216 2620 3287 interefl'e

238 3294 580 3386 proprium
606 3289 676 3356 id
714 3288 947 3373 exigit,
988 3302 1050 3354 at
1095 3311 1182 3355 ue
1216 3290 1380 3356 adeo
1415 3292 1671 3355 mutatis
1700 3309 1921 3357 rerum
1955 3294 2439 3365 circumstantiis
2462 3311 2494 3367 a
2513 3327 2622 3386 pa-

240 3403 321 3451 ce
344 3376 688 3456 recedere,
732 3372 795 3440 &
821 3371 1032 3438 veluti
1052 3313 1446 3523 cibedifraglizis
1480 3373 1624 3441 fieri
1655 3379 1901 3459 valeat,
1946 3379 2468 3471 quandocunque
2508 3410 2619 3452 oc-

1459 3476 1498 3527 2
2518 3493 2620 3537 ca..

242 3565 344 3636 (a)
380 3560 491 3615 vid.
505 3551 984 3624 Magnif.1’.schmier
1001 3551 1079 3604 lib.
1101 3569 1144 3606 ι.
1163 3568 1260 3623 etp.
1290 3557 1469 3620 mse&
1500 3572 1545 3606 1.
1570 3559 1606 3623 §.
1627 3570 1672 3605 1.
1858 3544 1861 3550 '
