2970 3918
320 205 418 256 20
1092 183 1363 281 capum.
1413 191 1482 272 5.
1515 183 1650 258 ΙΧ.
1686 184 1780 267 65¹
1806 186 1903 258 X.

323 333 629 412 tisfaciat,
673 335 828 417 quid
857 355 991 400 non
1025 337 1185 419 agit,
1228 334 1458 414 audet,
1506 334 1567 400 &
1600 338 1858 400 tentat?
1891 335 2217 420 Quoniam
2241 354 2404 403 vero
2422 337 2538 404 fibi
2559 342 2679 408 soli

319 419 522 484 homo
548 436 681 479 non
710 418 800 479 est
826 417 1139 482 sufficiens
1159 457 1183 496 ,
1226 430 1302 480 ut
1328 437 1438 495 ea,
1468 435 1616 502 quae
1639 416 2000 482 inordinate
2027 419 2265 500 appetit
2282 460 2306 498 ,
2328 424 2680 506 consequa-

319 511 464 577 tur,
508 499 663 562 alios
688 499 780 560 sui
805 500 1059 562 sceleris
1092 499 1301 563 socios
1327 500 1444 564 sibi
1483 499 1796 579 adsciscit,
1831 500 2196 586 junffcoque
2221 502 2473 570 foedere
2495 506 2680 586 peffi-
2709 574 2716 581 ,

317 603 420 648 nia
442 582 547 645 sua
571 579 830 642 consilia
854 581 1074 660 armis,
1119 582 1448 648 violentiis
1489 581 2071 666 depraedationibus
2097 587 2468 651 executioni
2500 607 2681 649 <man-

319 663 503 739 dare,
538 659 901 744 posthabitis
935 664 1234 728 omnibus
1258 668 1318 728 le
1364 667 1540 747 ibus,
1583 664 1962 759 aggreditur.
2090 665 2249 730 Inde
2281 679 2494 732 autem
2521 669 2680 753 quid

316 744 626 827 consequi
653 745 973 810 necefl'um
999 746 1127 811 est:
1169 747 1282 812 nisi
1335 762 1516 828 urta,
1557 767 1836 830 rapinas,
1882 749 2357 831 oppreffioneS,
2402 752 2568 815 bella
2585 751 2680 816 in-

317 828 574 904 testina,
615 827 1051 911 tyrannidem,
1096 830 1158 895 &
1187 831 1232 894 fi
1260 831 1418 915 quid
1441 832 1612 899 aliud
1650 832 1942 910 sceleris,
1971 834 2030 898 &
2058 833 2338 897 criminis
2364 834 2682 898 nominari

315 909 568 1001 potest?
603 909 733 989 jam
757 929 918 975 vero
953 931 1032 975 ne
1063 913 1264 978 homo
1286 916 1615 980 hominem
1646 915 1962 997 opprimat
1981 955 2002 994 ,
2049 915 2250 978 aliena
2269 917 2504 995 rapiat,
2546 927 2683 980 tru-

314 990 493 1056 cidet
520 1032 541 1069 ,
600 994 662 1059 &
699 994 934 1059 maetet
973 998 1168 1060 altera
1207 997 1590 1063 inevitabilis
1635 998 2147 1080 consequebatur
2194 997 2558 1076 necessitaS,
2607 1009 2683 1061 ut

314 1094 549 1155 nempe
571 1079 797 1143 caeteri
822 1077 976 1140 boni
996 1080 1514 1159 PatresfamiliaS,
1560 1100 1724 1164 quos
1751 1084 1875 1143 nec
1900 1086 2102 1142 ‘immo
2113 1079 2321 1142 derata
2346 1080 2681 1144 illecebra.-

313 1178 459 1221 rum
484 1157 764 1239 cupido,
806 1179 929 1224 nec
950 1160 1249 1228 immensa
1274 1162 1681 1243 superbiendi
1705 1162 1942 1240 libid0,
1989 1182 2109 1226 nec
2133 1162 2447 1240 habendi,
2490 1162 2682 1243 poffi-

314 1238 644 1325 dendique
687 1240 1042 1309 insatiabilis
1075 1245 1397 1326 cupiditas
1435 1245 1774 1330 agitaverat
1799 1285 1823 1322 ,
1883 1245 1950 1307 in
1991 1245 2341 1309 Societates
2383 1244 2680 1324 coirent,

313 1322 574 1387 familiae
609 1344 761 1390 cum
787 1323 1039 1392 familiis
1065 1326 1532 1412 jungerentur,
1570 1326 1942 1410 junstisque
1983 1328 2229 1390 viribus
2270 1328 2406 1391 vim
2436 1326 2506 1392 vi
2530 1347 2684 1407 pro-

312 1405 655 1488 pulsarent.
781 1411 991 1472 Porro
1023 1421 1239 1474 autem
1263 1410 1396 1474 sola
1422 1411 1660 1473 virium
1684 1411 2110 1488 praepotentia
2137 1409 2399 1473 minime
2429 1410 2685 1473 consul-

313 1502 455 1552 tum
490 1501 622 1553 erat
657 1489 920 1574 utrique
943 1493 1289 1571 societati,
1329 1493 1439 1555 seu
1471 1492 1676 1572 priori
1705 1490 2040 1554 hominum
2073 1491 2528 1572 peffimorum,
2571 1492 2684 1557 seu
2760 1505 2766 1510 “

312 1572 660 1652 posteriom‘
684 1573 1034 1638 bonorum.
1158 1577 1247 1641 Ut
1273 1575 1444 1638 enim
1474 1575 1675 1640 ambae
1703 1573 1890 1636 suum
1913 1573 2464 1657 consequerentur
2483 1574 2685 1638 finem

315 1673 484 1736 opus
517 1665 650 1718 erat
679 1655 745 1719 in
779 1656 982 1733 enio,
1022 1657 1333 1736 consilio,
1377 1674 1595 1720 rerum
1623 1653 2008 1739 agendarum
2032 1653 2450 1735 dexteritate,
2496 1670 2685 1722 certo

315 1736 544 1801 ordine
561 1779 583 1815 ,
626 1740 753 1822 legi
798 1757 1044 1822 usque,
1091 1738 1322 1823 quibus
1350 1738 1509 1802 socii
1533 1737 1601 1801 in
1628 1756 1851 1802 omnes
1870 1736 2046 1801 nefas
2073 1738 2331 1803 aliunde
2354 1740 2686 1820 proclives

314 1819 481 1883 intra
511 1832 727 1884 certos
765 1820 999 1886 limites
1034 1827 1535 1899 coercerentur,
1576 1840 1659 1883 ne
1694 1821 1903 1883 innata
1943 1820 2313 1885 hominibus
2357 1821 2684 1886 contradi-

313 1900 505 1966 cendi
532 1901 601 1964 vi
625 1901 1026 1968 saluberrima
1048 1902 1310 1969 confilia
1336 1901 1840 1984 peffumdarent,
1866 1912 1972 1964 aut
1994 1901 2273 1986 ingenti,
2300 1923 2435 1988 quo
2458 1904 2524 1968 in
2545 1924 2686 1970 om-

303 1986 419 2049 nia
451 1984 784 2051 scelera&
822 1987 1090 2051 crimina
1111 1986 1550 2066 rapiebantur,
1596 1985 1844 2064 impetu
1870 1987 2043 2068 leges
2077 2005 2301 2049 omnes
2331 1987 2684 2051 eliderent:

315 2068 532 2151 itaque
562 2067 975 2152 cogitandum
1001 2081 1134 2134 erat
1167 2068 1251 2132 de
1275 2066 1695 2132 saluberrimis
1726 2067 1973 2150 legibus
2006 2067 2502 2147 constituendis,
2543 2088 2684 2150 poe-

317 2151 417 2213 nis
444 2151 511 2213 in
543 2150 1021 2234 transgressores
1056 2149 1439 2230 statuendiS,
1487 2148 1846 2214 ordinando
1881 2151 2199 2229 Imperi0,
2244 2150 2327 2214 eli
2363 2150 2685 2234 ‘endisque

316 2233 819 2314 ImperantibUS,
848 2235 1079 2319 quibus
1103 2235 1391 2314 suprema
1410 2232 1659 2296 ferendi
1688 2235 1900 2316 leges,
1927 2232 2278 2296 coercendi
2353 2232 2686 2315 elinquen-

318 2326 453 2393 tes,
540 2317 1024 2401 uber-nandique
1074 2315 1597 2398 praecipua-cura
1638 2314 2080 2391 incumberet,
2120 2313 2300 2378 secus
2339 2312 2512 2378 enim
2549 2322 2687 2377 me·-

317 2411 475 2460 tuen
527 2419 637 2461 um
669 2413 839 2476 erat,
884 2420 964 2462 ne
995 2412 1133 2464 tota
1160 2415 1499 2483 compages
1535 2398 1871 2462 Societatis
1908 2395 2247 2480 utriusque
2284 2395 2469 2459 brevi
2495 2393 2688 2459 diffo-

319 2482 454 2543 luta
479 2480 562 2550 *in
593 2480 777 2546 suum
816 2481 1084 2547 nihilum
1131 2494 1491 2547 corrueret.
1621 2478 1780 2551 Inde
1820 2478 2066 2560 fastum
2101 2477 2194 2541 est
2217 2518 2241 2556 ,
2300 2488 2377 2540 ut
2427 2477 2686 2560 quidam

318 2565 461 2644 plus
490 2563 727 2628 virium
760 2566 1040 2642 robore,
1079 2564 1318 2649 ingenii
1339 2563 1473 2628 acie
1491 2604 1514 2642 ,
1562 2564 1624 2628 δι
1649 2581 1868 2625 rerum
1895 2557 2276 2644 agendarum
2293 2558 2685 2652 ’dexteritate

321 2650 606 2711 valentes
651 2655 758 2710 aut
797 2647 903 2710 sua
941 2647 1167 2727 sponte
1199 2646 1594 2729 Societatum
1632 2644 2058 2728 gubernacula
2092 2641 2208 2704 fibi
2242 2640 2680 2720 vindicarent,

322 2739 430 2791 aut
465 2729 614 2809 ipsae
660 2729 1009 2794 Societates
1046 2729 1114 2793 in
1148 2748 1302 2808 eos,
1360 2729 1429 2791 in
1469 2726 1701 2811 quibus
1736 2727 1877 2804 plus
1918 2723 2356 2802 fortitudiniS,
2403 2723 2681 2802 virium,

322 2811 562 2895 ingenii
604 2811 666 2876 &
702 2812 1190 2893 perspicacitatis
1230 2810 1619 2890 suspicerent
1643 2850 1666 2888 ,
1710 2806 2029 2899 sceptrum
2073 2806 2392 2890 regiminis
2437 2805 2552 2869 sub
2591 2803 2686 2869 di-

324 2895 503 2959 versa
526 2909 739 2959 tamen
763 2894 972 2960 forma
996 2895 1448 2970 transferrent,
1490 2891 1620 2955 hoc
1649 2889 1851 2954 modo
1883 2890 2228 2951 Civitatem
2259 2888 2367 2952 seu
2394 2891 2686 2968 Rempu-

324 2977 555 3041 blicam
597 2976 665 3039 in
709 2977 1227 3043 subordinatione
1270 2973 1720 3055 imperanrium
1763 2972 1823 3036 &
1868 2970 2311 3034 obedientiom
2359 2968 2686 3035 fundatam

326 3060 812 3127 constituerent.
935 3063 1162 3147 Atque
1203 3059 1347 3124 haec
1386 3056 1572 3123 nobis
1608 3054 1871 3120 videtur
1921 3053 2045 3117 effe
2086 3053 2402 3120 verissima
2449 3050 2686 3117 Civita-

324 3152 466 3207 tum
497 3142 726 3226 Origo.

1397 3271 1477 3377 §-
1524 3259 1648 3354 x:

440 3443 508 3508 X
537 3441 634 3506 his
670 3439 860 3507 facile
899 3438 1151 3505 emetiri
1179 3437 1336 3503 licet
1364 3478 1388 3517 ,
1414 3438 1582 3532 ‘quae
1616 3433 1692 3498 sit
1724 3432 1970 3500 interna
2003 3430 2293 3499 Civitatis
2332 3427 2684 3509 struetura,
2739 3464 2763 3478 κ

333 3599 340 3604 .
479 3525 571 3595 est
590 3543 821 3611 nempe
846 3524 955 3594 ille
982 3522 1113 3610 ipse
1142 3540 1345 3593 nexus
1371 3519 1579 3592 civilis
1594 3559 1618 3606 ,
1644 3536 1779 3607 quo
1801 3515 2036 3589 subditi
2052 3530 2181 3588 tam
2207 3515 2378 3584 inter
2402 3513 2466 3579 se
2492 3511 2687 3680 {³32
