2970 3918
345 187 488 255 134
1067 216 1082 238 2
1161 178 1167 182 ·
1243 167 1558 260 Caputll.
1607 159 1846 254 §.At-

338 318 789 400 Metropolitae
819 314 946 377 hoc
965 312 1157 377 titulo
1188 313 1596 383 ornabantur.
1631 313 2102 380 Posterioribus
2131 316 2506 395 Saeculisilli
2523 339 2716 398 voca-

336 401 569 465 bantur
596 393 1072 476 Metropolitae,
1101 396 1212 481 qui
1225 395 1677 469 illustrioribus
1697 397 1948 464 sedibus
1964 418 2115 463 cum
2142 398 2351 482 aliqua
2364 398 2634 467 honoris
2651 405 2714 482 δι

339 481 733 546 authoritatis
762 478 1187 561 praerogativa
1205 479 1648 561 praefuerunt:
1687 480 1904 566 itaque
1937 482 2311 564 multiplicis
2341 484 2588 567 generis
2621 483 2716 556 die-

335 561 690 648 stinguendi
735 560 878 624 sunt
923 559 1252 629 Primates.
1320 563 1823 648 Antiquioribus
1861 565 2264 646 temporibus
2305 567 2372 628 in
2403 563 2707 639 Ecclefiis

334 646 657 710 Asmcanis
701 643 939 707 Primas
971 655 1103 707 erat
1119 649 1292 726 semor
1321 645 1673 727 Fpiscopus
1696 689 1723 727 9
1767 648 1830 714 &
1859 649 2008 715 hinc
2055 647 2320 732 dignitas
2349 649 2715 713 Primitialis

333 730 496 792 nulli
527 727 659 791 sedi
693 738 827 790 erat
862 726 1080 805 affixa,
1129 726 1255 800 sed,
1280 727 1358 793 ad
1393 729 1677 794 Senioris
1714 731 2017 812 Episcopi
2043 733 2112 798 in
2149 731 2494 796 Provincia
2515 772 2538 809 9
2568 731 2715 795 ubi-

330 829 594 895 cunque
619 812 730 875 illc
757 807 1010 872 viveret
1040 850 1062 887 9
1112 809 1519 875 domicilium
1542 813 2063 879 transferebatur.
2117 817 2195 877 In
2218 815 2485 899 reliquis
2513 814 2711 880 Orbis

331 896 614 977 partibus
652 913 735 957 eo
758 909 913 964 aevo
953 893 1302 979 antiquiori
1342 895 1656 960 Primatus
1686 897 2054 982 alligabatur
2085 896 2234 961 urbi
2268 898 2439 962 inter
2472 896 2716 962 Civiles

329 977 632 1061 Metropoli
663 1018 686 1056 9
725 986 915 1057 atque
951 975 1112 1039 adeo
1139 976 1254 1040 ille
1281 990 1415 1041 erat
1443 977 1681 1043 Primas
1707 980 2068 1062 provinciae
2093 1019 2114 1056 9
2154 979 2266 1063 qui
2294 979 2422 1045 fuit
2448 979 2714 1060 Episco-

332 1080 451 1140 pus
479 1059 669 1125 Urbis
709 1058 1244 1143 Metropoliticae.
1328 1061 1611 1125 Probant
1646 1061 1712 1126 id
1747 1063 2212 1146 quamplurima
2251 1063 2544 1129 Concilia
2583 1073 2712 1142 tarn

329 1143 732 1223 particularia
763 1162 951 1224 quam
989 1143 1324 1225 generalia.
1407 1142 1587 1206 Idem
1638 1147 1865 1209 titulus
1899 1145 2026 1209 fuit
2075 1145 2413 1211 attributus
2446 1145 2709 1231 quibusu

332 1224 474 1289 dam
516 1225 848 1305 Episcopls
879 1265 903 1303 9
949 1224 1059 1308 qui
1086 1225 1609 1307 praeficiebantur
1653 1226 1957 1292 Ecclesiis
1989 1229 2368 1294 Matricibus
2395 1228 2711 1314 quadam..

327 1308 654 1390 speetabili
706 1307 974 1371 honoris
1018 1309 1442 1392 praerogativa
1487 1310 1894 1391 conspicuis:
1939 1310 2059 1373 hac
2099 1313 2352 1376 ratione
2381 1311 2710 1394 Episcopo

329 1391 869 1478 jerosolymitano
903 1390 1120 1453 honor
1155 1391 1385 1477 obtigit
1409 1431 1432 1468 9
1467 1403 1542 1455 ut
1573 1432 1596 1469 9
1628 1395 1784 1457 licet
1818 1393 2012 1471 ipsius
2035 1395 2323 1459 Ecclesia
2347 1394 2547 1459 fuerit
2578 1393 2708 1457 sus-

328 1478 621 1561 fraganea
649 1516 671 1553 9
699 1487 973 1541 attamen
1001 1473 1131 1554 ipse
1160 1474 1408 1555 semper
1433 1473 1737 1558 dignitate
1764 1474 1964 1539 fuerit
1998 1477 2333 1555 proximus
2364 1482 2710 1559 Metropo-

326 1561 525 1629 litano
567 1556 984 1635 Caesareenfi,
1029 1557 1090 1621 δε
1116 1558 1337 1621 locum
1377 1555 1640 1620 haberet
1676 1577 1811 1638 prae
1856 1555 2123 1641 reliquis
2147 1559 2321 1625 istius
2344 1561 2705 1641 provinciae

325 1642 658 1723 Episcopis
699 1640 1093 1720 superiorem
1128 1680 1152 1719 9
1203 1659 1285 1702 eo
1325 1637 1504 1722 quod
1542 1641 1712 1704 illius
1754 1640 2040 1705 Ecclefia
2072 1642 2228 1714 esset
2252 1646 2463 1722 veluti
2496 1648 2710 1708 Mater

326 1726 619 1790 omnium
647 1720 1078 1787 Ecclefiarum
1096 1761 1121 1799 9
1149 1722 1211 1786 &
1229 1721 1379 1791 hinc
1406 1720 1611 1802 ipsum
1644 1724 1900 1788 Concil.
1927 1721 2273 1790 Nicaenum
2297 1719 2511 1792 ei‘dem
2529 1728 2705 1792 hunc

322 1807 592 1873 honoris
618 1805 883 1875 titulum
921 1803 1281 1883 conces-‘fito
1318 1805 1379 1868 &
1404 1805 1836 1870 confirmavit.
1856 1806 1964 1890 (a)
2051 1809 2152 1871 Ex
2174 1809 2271 1873 his
2306 1823 2564 1892 apparet
2590 1811 2705 1889 tri-

319 1891 506 1972 plicis
529 1889 778 1975 generis
805 1887 970 1951 olim
1003 1884 1188 1960 fuisse
1214 1891 1353 1951 Met
1370 1958 1374 1961 ,
1390 1888 1667 1968 opolitas
1687 1929 1710 1965 9
1732 1887 1843 1952 sed
1865 1908 2010 1951 non
2034 1890 2148 1953 nisi
2174 1892 2525 1969 honoratim,
2548 1913 2704 1979 qua-

320 1979 413 2040 les
449 1975 636 2038 fuere
674 1990 905 2041 omnes
938 1970 1076 2049 illi,
1129 1969 1261 2052 qur
1284 1967 1652 2053 dignitatem
1695 1969 2107 2034 Primitialem
2131 1975 2239 2036 vel
2268 1994 2348 2038 ex
2376 1980 2655 2042 senioratu
2680 2022 2701 2050 ,

320 2060 431 2121 vel
459 2077 540 2122 ex
569 2057 705 2118 Urbe
745 2054 1076 2131 Metropoli,
1122 2054 1234 2116 vel
1270 2071 1350 2113 ex
1386 2052 1682 2116 Nobilitate
1715 2053 1935 2129 Ecclefiae
1975 2053 2115 2117 suoe
2150 2060 2544 2122 mutuarunt.
2576 2059 2699 2142 (b)

319 2145 511 2205 Nova
545 2137 897 2206 Primatum
924 2134 1163 2215 species
1202 2136 1473 2199 invaluit
1509 2134 1573 2199 in
1601 2133 1885 2205 Ecclesia
1915 2133 2181 2199 illorum
2211 2148 2444 2221 nempe
2484 2180 2508 2219 9
2555 2143 2698 2224 qui-

319 2225 438 2286 bus
467 2221 697 2284 titulus
745 2217 1040 2281 Primatis
1059 2236 1188 2282 una
1228 2236 1381 2294 cum
1411 2216 1681 2280 honoris
1723 2231 1858 2292 non
1894 2227 2141 2291 tantum
2173 2221 2694 2301 praeeminentia,

316 2323 548 2370 verum
575 2303 763 2365 etiam
781 2299 1077 2380 ampliori
1102 2299 1412 2380 potestate
1438 2300 1503 2362 in
1530 2299 1689 2362 alios
1715 2300 2262 2380 leetropolitanos
2274 2300 2401 2366 fuit
2431 2305 2698 2380 conces-

317 2389 440 2454 sus,
524 2388 757 2468 ltaque
787 2383 961 2448 hunc
995 2381 1259 2448 titulum
1286 2382 1741 2463 assumpserunt
1774 2381 2077 2464 Episcopi
2122 2382 2543 2461 illustriorum
2568 2387 2696 2452 Ec-

315 2471 650 2536 clesiarum
684 2508 706 2545 9
734 2459 986 2531 illarum
1014 2465 1380 2547 praecipue)
1410 2465 1644 2550 quibus
1665 2465 1959 2537 Pontifex
1981 2466 2116 2529 suas
2149 2465 2325 2537 vices
2343 2467 2694 2552 delegavit,
2807 2480 2810 2483 ’

319 2556 381 2622 &
417 2552 817 2618 Vicariatum
855 2550 1033 2614 Sedis
1073 2546 1481 2629 Apostolicae
1533 2550 1837 2612 contulit.
1959 2548 2270 2612 Primatus
2317 2550 2448 2614 hoc
2486 2552 2692 2616 modo

315 2632 697 2703 considerati
723 2633 941 2713 passim
958 2632 1034 2696 fit
1055 2632 1303 2696 mentio
1331 2630 1399 2695 in
1423 2629 1981 2713 Pseudo-epistolis
1998 2629 2443 2714 antiquiorum
2469 2636 2694 2699 Ponti-

313 2724 537 2786 ficum.
594 2718 736 2779 Hac
753 2715 1057 2798 primatus
1083 2714 1387 2799 dignitate
1415 2713 1606 2799 gavisi
1626 2715 1771 2780 sunt
1792 2712 2147 2794 Episcopus
2166 2713 2693 2792 Thessalonicen-

313 2807 393 2870 sis
424 2845 447 2881 9
487 2798 556 2865 in
582 2799 786 2865 Gallia
813 2802 1201 2864 Arelatensis
1229 2838 1255 2875 9
1279 2796 1700 2879 Κὴεῐῃεῃίὶς9
1732 2798 1794 2864 &
1827 2796 2215 2862 Viennensis
2233 2838 2256 2879 9
2292 2798 2359 2863 in
2392 2799 2692 2882 Hispania

308 2883 807 2951 Tarraconensis
845 2924 869 2962 9
910 2880 1290 2965 Hispalensis
1320 2921 1345 2960 9
1388 2881 1795 2958 Toletanus,
1853 2878 1918 2942 in
1963 2879 2302 2945 Germania
2355 2886 2689 2968 Mogunti-

313 2990 435 3034 nus—
456 2968 575 3032 &a
602 2965 664 3031 δι
690 2965 791 3032 ah'i
806 3008 829 3043 9
858 2964 938 3029 de
966 2965 1197 3048 quibus
1220 2959 1407 3044 supra
1430 2960 1819 3043 astum7-ubi
1844 2961 1926 3026 de
1946 2962 2283 3028 Vicariatu
2307 2965 2481 3031 Sedis
2497 2970 2688 3046 Apo-

312 3051 558 3115 stolicae
588 3047 853 3134 egimus·
937 3052 1103 3113 Haec
1133 3059 1345 3112 autem
1377 3043 1642 3129 dignitas
1674 3043 2014 3131 aliquando
2046 3043 2299 3111 sedibus
2323 3047 2448 3113 fuit
2476 3051 2684 3132 affixa,-

311 3135 411 3198 uti
434 3134 499 3196 in
523 3131 735 3194 ‚allatis
765 3131 1110 3211 exemplis„
1134 3127 1478 3214 aliquando
1517 3123 1670 3191 solis
1701 3129 1986 3210 personis
2014 3128 2261 3212 alligata
2285 3170 2310 3210 9
2328 3132 2428 3195 uti
2454 3135 2687 3218 Augu-

311 3219 478 3282 stino
511 3213 945 3279 Cantuariensi
967 3211 1317 3295 Episcopo·
1370 3214 1620 3276 Praeter
1646 3211 1767 3276 hos
1792 3211 2100 3278 Primates
2130 3210 2342 3277 adhuc
2367 3217 2528 3281 Sacc.
2544 3231 2604 3296 57.
2623 3219 2691 3293 8..

314 3301 376 3367 &
397 3301 526 3382 seq.
582 3316 688 3361 era
703 3308 774 3359 nt
812 3295 1071 3381 quidam
1108 3295 1560 3377 Metropolitae
1605 3299 1918 3372 Honorarii,
1958 3293 2052 3358 illi
2084 3313 2357 3377 nempe,
2404 3303 2516 3383 qui
2539 3305 2686 3366 nul-

314 3389 419 3466 los
450 3379 619 3446 infra
645 3418 673 3457 9
714 3379 778 3445 δε
799 3382 1015 3446 nullos
1043 3381 1228 3465 supra
1253 3375 1317 3443 se
1349 3374 1770 3465 agnoscebant
1814 3379 2271 3462 Metropolitas
2294 3422 2321 3462 9
2362 3380 2426 3448 &
2459 3382 2687 3534 imffe-

2598 3489 2684 3535 12-
2794 3503 2800 3507 ·

310 3549 389 3620 (a)
423 3547 644 3614 Bingbam
678 3547 811 3614 orig,
833 3544 999 3603 Eccles.
1031 3545 1113 3599 nb.
1130 3559 1289 3615 nup.
1309 3549 1387 3599 16.
1406 3545 1544 3604 §.xa
2609 3580 2612 3582 -

307 3620 389 3688 (b)
423 3615 677 3670 mmihi&
