2970 3918
281 211 369 277 92
1113 191 1309 281 Caput
1342 189 1397 262 1.
1445 194 1515 275 §-
1550 187 1845 261 XXVI.

284 337 633 404 exercuisse
662 338 924 419 legimus
962 374 985 410 2
1016 333 1082 397 in
1117 353 1251 417 quo
1282 335 1329 398 si
1361 338 1762 408 excesserunt
1795 378 1817 415 ³
1869 337 2019 402 ‘Olli
2059 337 2370 409 debuiss‘et
2403 345 2658 424 abusus,

285 424 345 487 δι
379 423 585 484 bonu-s
616 419 759 480 usus
788 415 1176 479 conservari.
1239 420 1475 484 Utrum
1503 439 1666 484 vero
1703 418 2132 499 Protestantes
2166 424 2380 485 omnia
2421 424 2528 488 sua
2545 429 2664 503 Ju-

281 526 343 568 ra
370 501 664 586 Collegiizlia
684 499 747 559 in
780 497 1106 579 Principes
1141 498 1291 565 suos
1317 501 1661 566 transferre
1692 504 2026 568 voluerint
2060 504 2122 569 &
2151 504 2300 569 astu
2326 509 2666 569 transtule-

282 587 410 647 rint
444 623 465 658 a
510 578 719 641 nostra
750 599 975 658 parum
999 581 1280 647 interest.
1347 582 1654 648 Viderint
1698 586 1812 668 ipsi
1834 585 2173 670 quomodo
2218 587 2398 652 bono
2433 591 2664 655 Eccle-

282 669 388 730 fioe
413 705 444 755 ⁶,
477 660 884 754 Reipublicae
916 703 939 740 2
967 662 1091 728 suis
1117 666 1309 729 rebus
1347 665 1408 730 δι
1441 665 1693 745 juribus
1728 670 2194 735 consuluerint.
2335 670 2473 758 Jam
2506 690 2667 741 con·.

280 747 480 812 trariis
506 742 598 807 est
629 743 1062 827 obviandum,
1099 766 1220 828 pro
1250 768 1384 834 quo
1417 749 1494 813 sit

1270 895 1348 999 ς.
1412 868 1716 983 XXVI.

276 1043 456 1174 HIS
485 1040 651 1104 bene
679 1039 965 1121 expensis
997 1040 1360 1121 prolixiore
1400 1041 1812 1128 responsione
1840 1042 1917 1107 ad
1944 1054 2312 1127 argumenta
2347 1044 2669 1109 contraria

439 1144 601 1204 opus
634 1145 768 1188 non
792 1124 935 1209 hest,
981 1126 1223 1208 quippe
1260 1127 1494 1211 quibus
1541 1124 1799 1191 aliunde
1832 1146 1948 1207 per
1974 1125 2214 1189 nostras
2245 1126 2665 1208 probationes

276 1207 403 1270 suit
437 1205 843 1272 satisfaaum.
931 1209 1062 1271 Pro
1091 1206 1303 1288 primo
1338 1220 1718 1295 argumento
1747 1229 1830 1272 ex
1854 1208 2008 1294 Jure
2036 1223 2281 1272 naturae
2306 1211 2514 1292 petito
2548 1209 2661 1273 be-

276 1304 653 1354 ne-notetur
691 1289 1031 1355 discrimen
1059 1290 1229 1354 inter
1261 1294 1604 1378 Religionem,
1649 1293 1710 1357 &
1740 1294 2022 1434 Ecclessam.
2143 1291 2255 1355 Ad
2278 1291 2662 1375 persuaden-

280 1371 426 1435 dam
465 1372 835 1437 hominibus
866 1393 1000 1436 non
1036 1371 1492 1454 credentibus>
1538 1375 1600 1439 &
1628 1373 1877 1437 infideli
1923 1391 1998 1436 us
2026 1374 2443 1458 Religionem
2468 1387 2661 1440 uten-

279 1453 437 1527 dum
460 1475 598 1520 non
619 1455 710 1518 est
740 1455 926 1519 armis
957 1455 1018 1521 &
1047 1455 1416 1534 violentiis,
1462 1455 1569 1519 sed
1602 1455 1986 1541 argumentis
2006 1455 2408 1523 inteneetum
2437 1457 2520 1522 de
2545 1478 2662 1521 ve-

278 1538 466 1601 ritate
494 1537 859 1622 Religionis
890 1537 1454 1604 convincentibus,
1548 1540 1777 1634 Atque
1814 1538 1945 1601 huc
1980 1539 2264 1618 pertinet
2286 1544 2659 1623 exemplum

278 1620 596 1686 Christi&
620 1619 1098 1701 Apostolorum
1125 1627 1160 1684 a
1186 1632 1364 1701 parte
1385 1618 1643 1683 adversa
1668 1620 1999 1702 jactatum.
2085 1623 2197 1686 Ab
2220 1624 2509 1704 Ecclesia
2540 1623 2661 1688 im-

244 1698 529 1783 *perium
567 1722 759 1768 omne
792 1705 1050 1767 exulare
1079 1722 1203 1766 nec
1241 1702 1472 1782 debet,
1500 1722 1625 1768 nec
1653 1702 1913 1789 potest-z
1954 1704 2297 1787 quomodo
2322 1707 2494 1771 enim
2514 1706 2660 1771 alias

275 1787 570 1850 homines
595 1786 880 1851 scelerati
899 1785 965 1848 in
987 1785 1103 1849 suo
1129 1785 1643 1851 continebuntur
1668 1786 1930 1864 officio)
1957 1788 2300 1871 quomodo
2327 1789 2509 1855 stabit
2535 1809 2662 1871 pax

274 1869 734 1952 tranquillitas)
769 1867 831 1933 δε
872 1867 1034 1932 salus
1059 1869 1409 1948 Ecclesiae,
1454 1869 1502 1930 fi
1531 1886 1753 1954 vagam
1783 1869 2090 1933 credendi
2114 1872 2453 1945 libidinem
2489 1873 2550 1953 &
2585 1871 2663 1936 li-

274 1952 586 2015 bertatem
610 1949 1041 2016 concedamus
1071 1972 1085 2011 :
1131 1971 1352 2014 nonne
1383 1962 1484 2016 tot
1512 1951 1702 2016 seitae
1733 1951 1795 2016 &
1826 1951 2097 2016 haereses
2117 1953 2408 2020 scindent
2431 1956 2664 2024 Eccle-

275 2035 460 2113 fiam,
509 2045 672 2120 quot
711 2034 855 2097 sunt
882 2032 1223 2097 hominum
1252 2034 1452 2099 libere
1477 2033 1887 2097 sentientium
1919 2034 2172 2114 capita?
2254 2037 2504 2103 Astum
2537 2039 2662 2103 erit

278 2116 360 2179 de
383 2117 1009 2201 observantialegum
1035 2115 1397 2180 divinarum
1427 2116 1487 2181 &
1511 2114 2132 2196 Ecclefiasticarum2
2176 2118 2226 2183 si
2255 2139 2520 2184 omnem
2543 2140 2660 2183 co-

278 2199 470 2283 gendi
512 2201 688 2278 vim,
732 2202 844 2263 vel
882 2197 1262 2281 potestatem
1299 2198 1650 2262 coercendi
1696 2198 2122 2264 eliminemus,
2248 2205 2659 2267 Recolantur

274 2285 589 2358 memoria
620 2294 722 2346 tot
763 2282 1035 2345 haereses
1070 2282 1132 2346 &
1166 2281 1492 2345 schismata
1515 2321 1538 2359 9
1585 2279 1817 2364 quibus
1857 2281 2144 2344 Ecclesia
2181 2302 2319 2346 non
2359 2294 2505 2346 raro
2538 2304 2659 2363 per

274 2369 458 2447 plura
483 2366 713 2429 saecula
738 2364 1107 2443 yexabatur.
1218 2367 1442 2449 Itaque
1473 2362 1865 2426 admittimus
1885 2403 1908 2440 2
1954 2361 2136 2446 quod
2164 2367 2362 2450 Religio
2396 2381 2659 2430 omnem

276 2449 452 2526 vim)
496 2467 691 2511 omne
710 2445 1086 2530 imperium,
1134 2446 1479 2530 omniaque
1511 2446 1722 2510 media
1747 2445 2038 2508 violenta
2059 2446 2330 2527 respuat.
2421 2450 2661 2512 Utrum

278 2552 441 2595 vero
474 2532 687 2612 Ecclefia
705 2541 933 2592 contr-a
962 2529 1109 2592 illos
1125 2571 1147 2608 2
1192 2529 1304 2612 qui
1327 2528 1408 2592 de
1433 2529 1702 2593 veritate
1726 2527 2088 2611 Religionis
2117 2549 2197 2590 ex
2222 2529 2486 2592 motivis
2520 2550 2661 2594 cre-

278 2613 604 2678 dibilitatis
637 2625 819 2677 antea
842 2611 1133 2677 convifiti
1158 2611 1467 2678 Ecclesiae
1491 2631 1733 2675 nomen
1757 2609 2072 2673 dederunt
2091 2651 2114 2689 2
2153 2610 2381 2674 mediis
2403 2611 2661 2675 violen-

278 2698 553 2761 tioribus
591 2696 690 2760 uti
728 2705 1004 2779 nequeat
1034 2695 1111 2756 ad
1144 2693 1576 2759 continendos
1610 2695 1760 2757 illos
1812 2692 1877 2755 in
1903 2691 2019 2754 suo
2043 2692 2307 2772 officio,
2352 2697 2463 2757 vel
2480 2694 2664 2758 seve-

280 2779 558 2843 rioribus
589 2779 795 2860 poenis
817 2776 1235 2857 plecftendos³
1281 2777 1328 2841 s1
1357 2776 1769 2858 Reipublicae
1799 2774 2170 2838 Christianae
2191 2777 2464 2840 rebelles
2478 2778 2661 2858 fiant,

281 2863 717 2927 saluberrimas
748 2863 926 2944 leges
959 2871 1414 2936 contemnant,
1456 2859 1572 2922 fibi
1610 2857 1753 2938 ipfis
1783 2858 1893 2920 vel
1925 2877 2004 2918 ex
2033 2858 2380 2937 pertinacia
2415 2863 2528 2924 vel
2559 2861 2662 2924 su-

283 2947 498 3026 perbia
523 2964 759 3006 novam
784 2943 1165 3027 religionem
1189 2941 1426 3006 cudant
1443 2981 1465 3018 2
1510 2941 1624 3004 alia
1661 2939 1750 3002 est
1772 2940 2042 3022 quaestio
2070 2940 2175 3003 hic
2207 2942 2269 3006 &
2289 2962 2463 3005 nunc
2488 2949 2521 3005 a
2543 2963 2661 3007 no—

285 3030 379 3090 bis
411 3026 786 3110 neutiquam
813 3023 1186 3089 decidenda.
1273 3024 1504 3102 Miles>
1535 3021 1841 3104 quamdiu
1863 3024 1953 3085 est
1982 3022 2203 3102 miles,
2252 3023 2329 3088 ad
2352 3024 2663 3089 obsevan-

285 3111 436 3173 tiam
459 3113 674 3192 legum
694 3109 1063 3172 militarium
1086 3107 1424 3191 obligatur.
1530 3106 1594 3172 Si
1621 3104 1814 3169 castra
1832 3104 2110 3183 deserat,
2156 3104 2497 3191 auffugiat„
2530 3107 2662 3172 foe-

288 3193 564 3275 difragus
616 3192 728 3252 fiat
753 3231 775 3268 ³
831 3193 1079 3272 semper
1117 3189 1551 3255 charatterem
1601 3186 1935 3253 militarem
1991 3188 2209 3252 secum
2267 3201 2480 3271 portat
2506 3231 2530 3270 >
2595 3193 2659 3256 &

284 3275 566 3353 Principi
582 3313 604 3349 ³
630 3273 737 3335 cui
765 3274 1059 3338 militavit
1079 3316 1100 3352 9
1131 3284 1416 3337 remanet
1443 3271 1547 3353 jus
1574 3269 1758 3332 illum
1789 3268 1866 3332 ad
1886 3271 2081 3336 castra
2099 3270 2492 3351 reducendi,
2518 3294 2659 3355 poe-

287 3361 517 3441 nisque
545 3357 1048 3435 proportionatis
1077 3354 1433 3438 castigandi.
1535 3355 1857 3418 Nolumus
1890 3367 2102 3418 tamen
2129 3373 2249 3417 nos
2272 3355 2424 3419 huic
2451 3355 2658 3420 immi—

287 3435 864 3523 scerequaestioni,
909 3459 984 3501 an
1012 3439 1235 3522 aliquis
1267 3439 1345 3501 ad
1364 3436 1562 3501 fidem
1592 3437 1902 3515 compelli
1921 3439 2168 3500 valeat?
2199 3435 2265 3501 id
2295 3438 2504 3502 solum
2530 3437 2660 3502 ani-

290 3522 745 3594 madvertimus
766 3561 789 3603 2
836 3521 1018 3606 quod
1046 3523 1246 3603 DJ),
1280 3521 1392 3606 qui
1418 3521 1578 3585 hanc
1599 3518 2021 3605 quaestionem
2043 3518 2437 3603 examinant,
2477 3539 2659 3584 com-

2513 3622 2654 3671 mu·-
