2970 3918
1050 170 1054 173 ’
1132 169 1248 247 De
1275 166 1462 246 Sca‘tu
1481 168 1785 267 'Ecclesia
1815 168 1841 202 “
2541 187 2579 244 ἰ
2597 195 2644 262 9

256 326 470 418 justos
485 319 881 417 aggressores
905 321 1214 404 praefidiis
1243 322 1571 391 munirent
1586 363 1612 403 ,
1652 322 1903 389 mutuis·
1919 317 2172 403 auxiliis
2200 318 2642 387 circumvalla-

255 429 452 495 rent,
497 415 566 478 in
595 411 929 477 societates
961 402 1201 485 junctis
1244 407 1497 474 familiis
1537 407 1829 486 coirent,
1871 403 1988 468 fibi
2020 403 2503 489 ipfis·quosdam
2523 427 2639 471 ve-

270 502 393 565 luti
433 494 764 574 Principes
798 488 1304 566 constituerent,
1348 503 1541 573 atque
1577 489 1643 553 in
1670 490 1789 554 hos
1817 487 2208 570 potestatem·
2230 487 2497 571 regendi
2527 510 2641 573 gu-

269 578 705 661 bernandique
727 571 1094 638 societatem
1109 612 1131 650 ,
1154 570 1407 634 ferendi
1428 577 1603 657 leges
1618 612 1642 652 ,
1675 570 2022 637 coercendi
2046 569 2420 636 criminosos
2444 583 2643 637 trans-

266 667 516 729 ferrent
539 681 560 722 t
599 666 798 738 prout
829 672 988 717 mox
1019 652 1287 734 amplius
1331 654 1604 720 dicetur.
1729 660 2046 742 Quaenam
2074 673 2155 716 ex
2196 653 2291 716 his
2317 656 2642 738 opinioni—

268 750 386 810 bus
413 761 553 807 rem
577 758 697 803 acu
716 737 1038 821 tetigerit,
1081 734 1355 800 definire
1374 755 1509 800 non
1525 735 1830 801 audemus
1846 779 1869 816 ,
1917 738 1977 802 δι
2006 755 2220 822 neque
2244 737 2396 817 uni,
2425 758 2639 824 neque

267 826 451 892 alteri
479 820 815 887 sententiae
846 838 930 882 ex
965 817 1218 904 integro
1251 819 1636 883 accedimus,
1761 823 2118 900 Praeplacet
2146 819 2457 887 sententia
2481 823 2639 886 Hei-

266 906 475 975 neccii
506 903 679 989 (a),
723 900 838 987 qui
875 900 1220 985 utriusque
1258 901 1590 965 sententiae
1633 901 1945 983 principia
1985 901 2283 982 adoptat,
2331 905 2393 969 &
2426 903 2640 986 dupli·-

264 1013 413 1058 cem
450 988 802 1053 Civitatum
840 983 1157 1067 originem
1183 982 1409 1048 statuit
1441 1005 1456 1048 ε
1503 993 1611 1046 aut
1655 983 1827 1047 enim
1869 986 2202 1068 loquimur
2245 985 2327 1048 de
2365 987 2490 1052 illis
2519 991 2639 1053 So—

266 1073 636 1148 cietatibuS,
679 1083 833 1151 quae
860 1065 939 1130 ad
963 1066 1101 1132 vim
1128 1066 1263 1130 aliis
1297 1064 1694 1132 inferendam
1714 1107 1737 1144 ,
1781 1080 1890 1131 aut
1915 1068 1996 1131 de
2015 1068 2137 1130 illis
2153 1108 2176 1146 ,
2223 1087 2373 1151 quae
2398 1069 2476 1134 ad
2501 1074 2640 1137 vim

255 1156 338 1221 vi
359 1148 796 1236 repellendam
819 1152 1248 1215 coaluerunt?
1292 1150 1585 1230 priorum
1612 1149 1928 1233 originem
1960 1150 2136 1212 omni
2166 1150 2314 1229 jure
2346 1154 2641 1220 ambitio-

258 1243 371 1319 -ni,
408 1233 736 1304 violentiis
768 1233 831 1299 &
863 1231 1413 1315 oppreffionibuS,
1455 1229 1890 1313 posteriorum
1913 1251 2080 1295 vero
2104 1231 2279 1311 justo
2305 1237 2509 1300 metui
2544 1238 2643 1301 in·-

271 1323 351 1386 de
382 1317 725 1384 necessario
755 1316 823 1394 in
850 1314 1070 1381 animis
1098 1315 1616 1398 patrumfamilias
1649 1315 1978 1381 resultanti
2007 1313 2360 1381 adscribere
2394 1317 2642 1387 licebit.

433 1399 560 1469 Sed
593 1397 752 1486 quid
791 1399 1050 1480 multiS,
1096 1400 1158 1464 &
1191 1397 1424 1464 frustra
1457 1397 1787 1484 fatigamus
1819 1397 2123 1483 ingenia?
2168 1395 2452 1466 dicamus
2484 1423 2642 1484 pau-

261 1485 395 1564 εἰς,
424 1481 906 1550 multitudinem
931 1480 1270 1547 hominum
1297 1523 1319 1560 ,
1346 1481 1759 1567 indigentiam
1781 1523 1804 1561 ,
1838 1481 2253 1546 ambitionem
2272 1522 2295 1561 ,
2328 1503 2642 1567 quorum·

266 1570 408 1633 darn
433 1568 955 1649 praepotentiam,
998 1568 1356 1630 multorum
1391 1566 1772 1644 violentiaS,
1812 1576 2059 1628 metum
2089 1566 2212 1630 &Q
2243 1567 2642 1633 constituen-

265 1651 362 1717 dis
386 1650 767 1716 Civitatibus
794 1647 1200 1713 occasionem
1228 1647 1566 1728 praebuisse
1586 1689 1610 1727 ,
1654 1667 1866 1733 neque
1897 1652 2030 1712 ulla
2056 1648 2308 1713 ratione
2337 1649 2642 1719 determi-

265 1735 400 1798 nari
442 1733 658 1815 posse,
704 1749 1002 1817 quaenam
1027 1749 1113 1794 ex
1136 1732 1230 1796 his
1261 1730 1592 1813 praecipue
1622 1729 1919 1794 homines
1951 1749 2033 1794 eo
2061 1730 2382 1816 adegerit,
2425 1748 2500 1798 ut
2538 1757 2642 1802 τεο

265 1817 415 1883 Ιίξὶει
440 1817 733 1880 libertate
747 1831 937 1878 ‘caeco
962 1814 1172 1878 veluti
1197 1813 1447 1896 impetu
1468 1812 1703 1898 jugum
1730 1813 2054 1879 servitutis
2083 1814 2408 1897 subirent,
2445 1832 2642 1906 atque

264 1901 332 1965 in
362 1898 714 1965 Societates
741 1897 1019 1960 coirent.

254 1995 261 2004 ·
435 1982 527 2047 Ut
551 1991 766 2044 autem
795 1978 985 2042 etiam
1011 1975 1095 2042 de
1123 1996 1302 2058 penu
1327 1977 1541 2042 nostra
1565 1977 1643 2042 ali
1691 1974 1806 2042 uid
1835 1974 2136 2044 addamus
2153 2019 2175 2059 ,
2222 1979 2287 2045 in
2316 1982 2435 2048 hac
2459 2003 2639 2068 quae-

263 2064 471 2130 stione
504 2083 619 2144 per
663 2082 811 2126 uam
847 2060 1095 2125 difficili
1133 2060 1327 2141 ipsam
1357 2000 2416 2147 naturamqhominisScriptuiam,
2457 2070 2644 2134 Reli-

263 2148 567 2233 gionem,
609 2085 922 2209 {morem
957 2145 1473 2227 Philosophiam,
1518 2147 1779 2208 Patrum
1825 2144 1888 2209 δι
1925 2146 2467 2232 Theologorum,
2506 2154 2641 2232 pla·-

250 2231 391 2296 cita
431 2229 559 2295 efl'e
600 2225 1031 2305 consulenda,
1073 2228 1474 2313 illorumque
1509 2227 1890 2307 sententiae,
1985 2230 2182 2311 uippe
2222 2250 2391 2316 quos
2416 2235 2644 2301 veluti

247 2309 544 2396 purioris
589 2309 1024 2402 Philosophiae
1070 2309 1405 2394 Magistros
1458 2310 1669 2375 omnis
1714 2322 1873 2374 >aetas
1986 2313 2276 2378 hristiana
2327 2314 2638 2399 suspexit,

265 2409 567 2480 tanquam
585 2391 996 2459 Dostonbus
1024 2390 1104 2456 de
1121 2391 1421 2456 cathedra
1436 2392 1856 2477 loquentibus
1876 2393 2001 2457 effe
2026 2395 2472 2482 affurgendum
2502 2403 2639 2466 exi-

257 2478 605 2544 astimamus.
733 2480 1216 2561 Quemcunque
1263 2495 1343 2537 ex
1385 2475 1483 2539 his
1520 2474 1920 2539 consulueris
1948 2518 1971 2556 ,
2018 2476 2084 2541 in
2124 2479 2260 2543 vim
2302 2478 2638 2548 sententiae

263 2558 520 2638 audieS,
561 2556 764 2624 tribus
799 2557 1194 2640 potissimum
1221 2558 1409 2624 animi
1440 2556 1772 2623 affestibus
1805 2560 2135 2628 hominem
2170 2562 2348 2646 regi,
2391 2566 2633 2632 turbari

262 2642 430 2708 acin
459 2640 885 2707 transveffum
922 2642 1019 2727 agi
1058 2663 1072 2704 ε
1119 2653 1227 2706 aut
1258 2642 1429 2705 enim
1455 2641 1830 2706 felicitatem
1854 2642 2022 2708 suam
2041 2685 2064 2723 ,
2110 2665 2302 2729 quam
2335 2651 2636 2714 naturali-

261 2739 366 2792 ter
390 2725 670 2808 appetit,
712 2724 781 2790 in
817 2744 1075 2804 rerum,
1122 2723 1528 2804 divitiarum,
1571 2725 2032 2813 bonorumque
2067 2726 2482 2808 abundantia,
2525 2746 2634 2798 aut

263 2812 332 2876 in
357 2805 763 2889 dominandi,
805 2821 1000 2893 atque
1039 2808 1221 2891 supra
1260 2822 1536 2874 caeteros
1574 2808 1897 2874 eminendi
1938 2809 2242 2889 libidine,
2285 2824 2394 2876 aut
2424 2814 2490 2878 in
2512 2837 2635 2881 vo-

258 2896 621 2975 luptatum,
664 2892 1302 2987 commodorumque
1325 2934 1347 2971 ,
1404 2906 1596 2976 atque
1640 2891 2089 2958 illecebrarum
2137 2896 2455 2960 affluentia
2497 2902 2637 2965 col-

261 2979 473 3053 locat,
512 2973 772 3060 jamque
820 2994 994 3040 nunc
1039 2975 1389 3041 ambltione
1443 2977 1511 3040 in
1554 2978 1752 3038 altum
1797 2975 1980 3055 supra
2021 2987 2296 3041 caeteros
2338 2979 2633 3049 homines

259 3057 565 3152 erigitur,
610 3075 784 3121 nunc
818 3060 1229 3140 voluptatum
1259 3059 1578 3123 illecebris
1613 3057 1877 3142 agitatus
1913 3058 2108 3123 bruto
2138 3059 2305 3125 haud
2340 3063 2634 3133 abfimilis

257 3139 343 3208 ad
366 3158 491 3206 ima
512 3139 927 3220 deprimitur,
957 3161 1131 3206 nunc
1145 3162 1364 3207 rerum
1391 3140 1822 3206 habendarum
1841 3139 2144 3222 cupidine
2161 3156 2340 3207 extra
2363 3146 2633 3229 seipsum

264 3225 509 3308 rapitur
533 3221 695 3308 (b).
820 3224 1018 3290 Hisce
1043 3224 1167 3291 suis
1193 3225 1580 3373 pasfiongus
1612 3223 1803 3289 animi
1830 3235 1905 3289 ut
1940 3223 2142 3292 homo
2175 3224 2270 3295 sui
2306 3228 2515 3314 impos
2547 3233 2634 3297 sa-

1309 3331 1320 3340 ‘
1515 3324 1562 3374 -2
2527 3317 2575 3380 ti
2609 3357 2637 3367 -

262 3389 375 3456 (a)
409 3388 507 3439 Lib.
527 3406 574 3438 2·
592 3388 647 3438 de
670 3393 763 3453 jur,
782 3396 889 3439 Nat.
921 3389 1020 3440 Lib.
1036 3409 1133 3444 mc.
1151 3395 1178 3443 6
1210 3396 1401 3448 s.cv1.
1714 3430 1718 3436 -
1791 3431 1796 3436 -
2126 3439 2130 3442 .
2151 3436 2154 3440 -
2580 3338 2606 3382 s

248 3460 367 3527 (b)
406 3458 512 3508 Dari
538 3458 584 3503 in
608 3459 791 3507 homine
820 3473 906 3507 tta
929 3458 1115 3509 affefiun
1136 3461 1205 3510 seu
1233 3462 1455 3527 pastiones
1482 3455 1620 3508 :nimi
1644 3457 1784 3508 veluti
1808 3456 2178 3522 pradomina'ntes
2201 3458 2337 3512 docet
2365 3465 2628 3529 Scriptura-,³

414 3529 599 3587 idom.
620 3542 661 3573 ι.
678 3541 718 3571 v.
742 3530 819 3574 ¹6.
854 3531 1017 3583 Omne,
1043 3529 1236 3594 quodefl
1255 3534 1307 3579 in
1326 3528 1518 3585 mundo,
1549 3532 1905 3589 concupiscentia
1929 3533 2080 3578 earnis
2095 3528 2156 3592 est
2170 3559 2185 3583 ,
2210 3527 2260 3583 ξς
2274 3537 2630 3598 concupiftensia

409 3595 629 3639 oculorum
646 3623 662 3645 ,
689 3591 735 3644 ες
754 3596 966 3655 supabia
993 3600 1107 3642 sita.
1168 3600 1295 3648 idem
1323 3596 1491 3646 docem
1516 3598 1591 3646 SS.
1605 3598 1770 3658 Panes,
1798 3590 2072 3664 Philosophi,
2096 3595 2262 3650 Ascua
2279 3601 2368 3648 διε.
2424 3604 2551 3653 ldem
2573 3623 2627 3655 ex

405 3658 496 3726 ipsa
511 3658 660 3714 noan
677 3673 833 3713 natura
856 3658 1015 3715 discere
1034 3663 1155 3730 lieet·
