2970 3918
338 211 430 281 34
1037 190 1232 286 Caput
1261 187 1314 260 l.
1362 184 1656 276 §.XIIL
1682 178 1775 267 ὅδ’
1803 185 1995 262 XIV:

330 364 473 409 eam
498 360 619 426 pro
647 339 1028 425 indigentia,
1073 339 1135 403 δε
1174 337 1575 418 necestitate,
1621 339 1684 405 δε
1715 339 1996 403 utilitate
2030 338 2369 407 societatis
2395 344 2463 409 in
2495 344 2707 429 Impe-

330 442 539 492 rantes
582 423 1089 498 transfunderet,
1133 422 1582 504 restringeret‚
1627 424 1957 503 ampliaret
2001 423 2121 488 ὅτε.
2168 443 2250 487 ex
2294 446 2429 510 quo
2481 431 2709 493 conse-

333 511 595 595 quitur,
642 505 820 591 quod
851 502 1125 585 potestas
1151 503 1401 586 imperii
1429 511 1463 568 a
1487 506 1683 569 DEO
1716 508 1791 568 lit
1819 506 1986 570 haud
2018 505 2235 585 secus0
2281 530 2472 591 quam
2502 509 2710 574 facul-

333 604 493 656 tates
527 607 935 675 quaecunque
979 586 1119 649 aliae
1160 597 1460 671 tanquam
1507 593 1542 651 a
1580 588 1766 654 fonte
1810 590 2152 653 universali
2195 591 2526 656 bonorum
2569 611 2711 656 om—

333 678 509 738 nium
528 714 550 750 2
584 671 709 751 ipsa
737 684 980 749 tamen,
1023 667 1204 752 quod
1233 690 1408 733 nunc
1439 671 1590 751 uni,
1633 672 1814 735 nunc'
1833 673 2161 753 pluribus>
2188 694 2362 738 nunc
2389 675 2514 738 toti
2542 677 2711 738 mul·

332 756 590 820 titudin'i
611 754 685 815 fit
714 754 1226 830 communicata„
1273 754 1335 818 δε
1359 774 1536 818 nunc
1561 765 1732 817 tanta
1756 754 1832 818 sit
1849 796 1870 833 ,
1914 774 2035 817 nec
2060 755 2263 835 major
2282 798 2307 835 2
2352 777 2474 820 nec
2500 757 2717 820 minor
2762 824 2765 827 ,

331 840 408 903 ab
444 838 781 900 hominum
817 838 1155 915 voluntate·
1179 846 1482 921 tanquam
1520 845 1554 901 a
1585 841 1734 917 causa
1758 841 2016 902 collativa
2052 837 2279 918 habet,
2323 841 2566 925 quippe
2602 841 2716 924 qui

330 919 825 1002 Rempublicam
855 917 1288 985 conformiter
1312 919 1512 1000 pattis
1533 921 1702 983 inter
1726 919 1788 983 se
1806 962 1827 999 ³
1854 921 1916 986 &
1942 919 2088 983 suos
2115 924 2510 1003 Imperantes
2539 921 2718 986 nunc

332 1006 535 1068 libere
556 1044 580 1081 9
621 1022 795 1065 nunc
821 1001 1048 1066 coac‘te
1077 1021 1198 1082 pro
1245 1001 1608 1067 diversitate
1641 1001 2294 1082 circumstantiarum„
2337 1010 2595 1084 rerum,
2641 1024 2714 1068 ac

333 1098 707 1167 temporum
744 1085 915 1149 initis
946 1085 1442 1150 constituerunt.
1583 1090 2036 1170 Quapropter„
2081 1087 2178 1149 uti
2219 1107 2353 1149 non
2394 1107 2588 1151 nemo
2624 1086 2721 1150 di-

330 1170 600 1247 scurrit,
642 1169 1001 1249 principem
1023 1168 1187 1246 effe,
1234 1169 1295 1233 δὲ
1323 1180 1574 1233 tantum
1610 1169 1772 1247 effe,
1817 1182 2090 1252 quantus
2128 1168 2256 1248 est,
2303 1190 2439 1233 non
2462 1177 2496 1233 a
2517 1170 2715 1236 DEO

330 1252 459 1331 est,
505 1251 611 1315 sed
634 1262 667 1318 a
694 1251 1096 1333 Republica,
1141 1251 1296 1314 licet
1319 1251 1673 1322 secundum
1696 1253 1757 1315 se
1783 1253 2059 1332 potestas
2091 1257 2126 1315 a
2148 1252 2343 1317 DEO
2371 1253 2483 1316 fit:
2524 1271 2716 1338 quam

329 1339 399 1401 in
421 1356 558 1400 rem
580 1335 1016 1416 pulcherrime
1054 1335 1350 1418 loquitur
1373 1339 1434 1401 S.
1469 1334 1960 1419 Chrysostomus
2005 1334 2222 1403 dicens
2255 1359 2270 1398 ε
2316 1342 2442 1398 Non
2468 1338 2533 1413 est
2568 1347 2721 1418 pote·

324 1423 432 1500 fias
450 1466 469 1493 ‚
509 1424 594 1494 nifi
621 1421 654 1481 ὰ
676 1424 845 1480 DEO.
929 1420 1077 1492 Quid
1100 1421 1219 1480 dicis
1245 1441 1264 1477 .-
1306 1440 1430 1505 ergo
1450 1424 1610 1480 omnis
1635 1423 1876 1502 Princeps
1898 1421 1933 1482 ὰ
1957 1425 2110 1482 DEO
2139 1422 2436 1493 constitutus
2459 1420 2565 1495 eft?
2588 1417 2719 1493 istud

331 1523 434 1565 non
454 1503 586 1564 dico.
663 1509 784 1563 Non
811 1505 944 1564 em’m
972 1502 1034 1562 de
1058 1504 1242 1592 quovis
1266 1506 1497 1584 Principe
1518 1500 1645 1562 mibi
1656 1503 1831 1577 sermo
1858 1502 1955 1576 est,
1983 1501 2079 1578 sed
2103 1501 2166 1561 de
2189 1521 2245 1562 re
2275 1504 2410 1579 ipsa,
2427 1505 2518 1580 seu
2546 1501 2718 1577 desua

325 1587 585 1669 potestate
619 1582 656 1665 <
673 1583 775 1667 a).
863 1586 1028 1646 Haec
1059 1580 1211 1643 ideo
1238 1581 1436 1644 fusius
1467 1581 1528 1645 &
1562 1579 1790 1659 majori
1808 1601 1969 1644 cum
1995 1581 2249 1665 energia
2275 1580 2444 1646 dicta
2480 1581 2541 1645 &
2565 1578 2717 1643 scri-

330 1668 641 1728 volumus
659 1706 683 1743 2
725 1676 800 1728 ut
831 1664 1092 1727 videant
1118 1663 1417 1741 Pontici,
1443 1682 1635 1747 quam
1662 1665 1827 1726 male
1853 1663 2185 1727 consulant
2214 1663 2392 1727 bono
2417 1662 2718 1744 publico,

331 1748 595 1812 subditis
618 1788 640 1825 >
684 1748 744 1811 δε
785 1747 1285 1828 imperantibus)
1321 1745 1490 1809 ‘dum
1527 1745 1595 1807 in
1635 1746 2036 1825 excolenda,
2092 1747 2154 1812 &
2197 1744 2578 1811 inculcanda
2617 1744 2720 1809 su·-

333 1849 555 1911 prema
591 1827 917 1908 Majestate
955 1828 1268 1892 illimitata
1310 1828 1372 1892 &
1407 1828 1952 1908 incircumscripta
1991 1840 2327 1911 tantopere
2371 1828 2718 1905 desudant,

336 1914 399 1978 &
428 1911 503 1974 ad
533 1913 707 1975 hunc
731 1915 917 1978 suum
940 1910 1144 1974 finem
1169 1910 1697 1995 consequendum
1722 1912 2214 1991 Despotismum
2245 1911 2717 1989 stabiliendum,

331 1994 712 2060 servitutem
752 1996 1023 2058 ferream
1058 1992 1598 2057 introducendam
1637 1993 1810 2057 illam
1837 1995 1911 2057 ab
1941 1994 2077 2074 ipso
2108 1996 2342 2072 DEO,
2387 1994 2573 2074 cujus
2595 2012 2718 2074 po-

330 2078 542 2143 testati
575 2098 768 2142 nemo
794 2075 1079 2141 resistere
1102 2077 1351 2157 potest,
1399 2075 1689 2139 derivare
1716 2077 2232 2154 consueverunt,
2261 2079 2456 2159 longe
2480 2077 2715 2139 melius

334 2175 518 2226 certe
569 2161 928 2225 consulturi
962 2200 985 2237 2
1030 2157 1077 2220 fi
1115 2159 1498 2239 potestatem
1546 2159 1925 2239 Principum
1968 2181 2048 2223 ex
2089 2158 2401 2222 consensu
2434 2161 2718 2238 populo-

336 2263 520 2320 rum,
559 2244 744 2307 resto
777 2243 893 2306 usu
930 2242 1259 2306 bonorum
1299 2242 1708 2323 Principum,
1755 2243 1817 2308 &
1851 2243 2099 2327 legibus
2133 2240 2438 2318 Divinis2
2481 2261 2568 2304 ac·
2594 2243 2719 2306 Ec·

335 2325 692 2391 clefiasticis
727 2324 1195 2391 dimetirentur.

1367 2484 1443 2587 §.
1504 2476 1725 2587 X1V..

345 2655 643 2795 PAucis
662 2655 791 2734 jam
817 2651 897 2715 de
920 2650 1161 2732 triplici
1190 2649 1401 2713 forma
1427 2647 1788 2733 Regiminis
1815 2643 2162 2711 Monarcbica
2178 2694 2196 2722 ,
2236 2647 2631 2724 Aristaenum,
2655 2649 2719 2714 &

483 2742 843 2801 Democratica
887 2733 1217 2799 videamus
1268 2755 1282 2794 ε
1329 2747 1642 2815 quantum
1690 2730 1767 2792 ad
1818 2730 2222 2802 Monarchiam‚
2267 2748 2508 2793 nomen
2551 2729 2721 2795 istud

345 2822 675 2886 dem'vatur
710 2824 743 2882 a
772 2821 1010 2885 Graeco
1052 2815 1377 2881 vocabulo
1415 2843 1610 2896 μονος)
1655 2811 1722 2875 id
1746 2811 1838 2874 est
1862 2830 2071 2890 unus>
2115 2812 2177 2876 &
2220 2811 2439 2891 paffim
2481 2812 2719 2880 dicitur

342 2913 607 2991 Regnum,
651 2908 957 2981 Imperium,
1004 2905 1342 2981 Principatus.
1466 2894 1914 2971 Describitur„
1963 2898 2102 2974 quod
2137 2900 2200 2977 fit
2240 2900 2470 2968 Civitas,
2504 2902 2590 2975 seu
2627 2905 2722 2959 So..

344 2995 533 3059 cieras,
578 2986 649 3060 865
692 2989 1042 3047 communitas
1077 2979 1304 3061 'perfeffia
1331 3025 1347 3048 ‚
1406 2983 1459 3042 in
1496 3001 1598 3060 qua
1639 2981 1831 3054 summa
1877 2978 2098 3051 Potestas
2137 2991 2292 3058 penes
2329 2998 2486 3040 unnm
2517 2979 2718 3062 residet.

345 3069 447 3132 Ex
474 3068 589 3130 hac
616 3066 1040 3146 descriptione
1079 3075 1220 3127 tum
1260 3060 1553 3138 ess'entia³
1597 3072 1738 3123 tum
1781 3057 2100 3123 essentiale
2133 3057 2472 3122 discrimen
2504 3063 2720 3125 Status

346 3148 679 3213 Monarchici
708 3154 742 3210 a
775 3153 1134 3227 Democratico
1168 3145 1229 3208 &
1263 3147 1625 3219 Aristocratico
1649 3162 1766 3222 per
1794 3141 1858 3204 se
1891 3153 2104 3222 patet,
2151 3156 2343 3226 atque
2366 3142 2522 3206 inde
2549 3143 2720 3207 erui-

345 3243 492 3311 tur,
539 3230 719 3315 quod
751 3230 905 3293 licet
932 3249 1067 3292 non
1097 3228 1428 3311 nunquam
1463 3224 1595 3288 duo
1629 3227 1741 3288 vel
1780 3235 1907 3288 tres
1946 3223 2223 3289 habuiss'e
2254 3225 2594 3306 imperium
2627 3228 2719 3288 le-

348 3327 617 3397 gantur,
663 3313 1036 3396 neutiquam
1070 3308 1467 3376 credendum
1487 3306 1599 3386 fit,
1643 3307 1823 3391 quod
1850 3309 2224 3371 Monarchia
2262 3308 2329 3370 in
2368 3308 2717 3389 Dvar‘chiam,

351 3399 413 3463 &
450 3396 766 3465 Triarcbiam
805 3394 1013 3460 veluti
1048 3393 1287 3456 formas
1322 3394 1509 3472 plane
1545 3389 1923 3456 monstrosas
1964 3391 2026 3456 &
2067 3390 2514 3455 abominandas
2554 3403 2725 3452 tran-

350 3480 559 3559 sierit,
605 3478 711 3543 sed
739 3497 944 3543 unum
973 3477 1159 3542 fuiffe
1185 3474 1603 3546 Monarcharn
1633 3485 1825 3560 atque
1859 3473 2220 3543 radicaliter
2258 3474 2565 3546 summam
2593 3474 2722 3537 Po«-

1504 3590 1546 3604 ,.
2547 3585 2550 3587 ,
2620 3564 2722 3620 te·

356 3643 462 3716 (ι)
499 3648 736 3711 Ηοιιως.
759 3640 1020 3712 maamad
1036 3645 1174 3710 Romg·
