2970 3918
1139 202 1255 279 De
1282 201 1466 280 Statu
1494 199 1791 298 Ecclefiae.
2558 199 2654 284 8'3'

272 364 431 430 dum
472 361 550 428 ab
582 360 746 439 illis,
830 356 903 424 ui
936 351 1015 420 ad
1038 355 1397 438 regendum
1428 355 1604 423 hunc
1634 362 1884 422 coetum
1918 351 1953 416 a
1982 345 2138 417 Deo
2165 349 2310 414 funt
2339 347 2653 416 constitu-

269 449 367 526 ti,
405 443 761 521 credenda,
787 379 850 506 Ξῖ
876 438 1269 504 observanda
1291 441 1781 522 praecipiuntur.
1866 434 2004 517 Ipsa
2029 451 2194 529 vero
2225 433 2517 527 Ecclesia
2557 434 2652 500 est

268 534 384 596 ille
426 529 556 610 ipse
595 536 804 592 coetus
845 520 1248 586 credentium
1282 523 1350 585 in
1382 524 1629 588 unitate
1668 519 1861 599 fidei,
1907 517 2223 583 dostrmae
2246 557 2268 596 ,
2307 535 2552 612 Junum
2589 516 2652 583 δε

271 605 882 696 obligationumsub
921 603 1217 695 legitimis
1248 605 1609 669 Pastoribus
1654 603 1935 668 invicem
1967 600 2480 695 participantlum
2517 601 2649 694 (a).

269 695 461 761 Unde
486 691 565 754 ad
603 687 669 752 id
702 685 899 751 cardo
937 684 1329 749 difficultatis
1369 687 1788 763 devolvitur,
1833 699 2055 749 utrum
2095 682 2380 748 Chnstus
2413 685 2655 765 Domi-

268 795 389 842 nus
429 769 801 852 hujusmodi
846 778 1095 832 coetum
1121 807 1147 846 ,
1193 767 1257 831 ὅτ
1307 768 1392 831 ita
1427 768 1692 852 quidem
1733 767 2116 846 instituerit,
2161 776 2237 830 ut
2277 768 2346 834 in
2394 786 2478 831 eo
2531 766 2656 833 sint

267 855 527 943 quidam
559 857 950 933 Imperantes
971 890 993 928 ,
1043 847 1308 934 quidam
1336 870 1499 916 vero
1539 849 1917 916 obedientes
1938 891 1961 931 ,
2008 861 2202 934 atque
2231 850 2297 912 hi
2337 849 2655 932 posterio-

266 959 369 1004 res
393 935 732 1018 suppofitis
750 933 1014 998 motivis
1038 931 1478 997 credibilitatis
1495 975 1517 1013 ,
1550 936 1782 1020 quibus
1813 934 1976 997 hanc
1999 931 2478 999 credendorum
2500 953 2655 999 nor·

266 1042 434 1088 mam
465 1036 764 1104 tanquam
797 1037 1014 1081 veram
1043 1013 1394 1100 agnoscunt
1414 1056 1437 1095 ,
1478 1017 1545 1079 in
1570 1017 1761 1080 rebus
1790 1016 2028 1095 fidem,
2062 1016 2553 1096 conscientiam,
2589 1018 2654 1084 &

264 1106 553 1180 regimen
600 1102 787 1182 hujus
836 1111 1045 1164 coetus
1091 1099 1639 1162 concernentibus
1686 1098 2057 1181 obligentur
2100 1099 2286 1163 suum
2328 1099 2651 1176 judicium

259 1174 515 1271 judicio
549 1184 950 1266 superiorum
977 1187 1013 1244 a
1047 1180 1300 1245 Christo
1340 1181 1627 1267 legitime
1659 1180 2163 1245 constitutorum
2193 1181 2647 1262 conformare,

264 1270 606 1357 praeceptis
628 1265 894 1331 obedire
917 1265 1038 1331 ὅτε.
1065 1264 1162 1327 illi
1179 1283 1344 1333 vero
1370 1263 1594 1329 mediis
1618 1263 2126 1347 proportionatis
2141 1265 2474 1346 ,Imperio
2497 1285 2655 1348 pro—

266 1353 418 1438 priis
446 1394 469 1432 ,
497 1353 560 1418 &
602 1350 719 1415 suo
770 1348 973 1413 modo
1013 1346 1366 1428 violentis,
1412 1347 1475 1413 &
1525 1346 1976 1429 compulsoriis
2033 1347 2524 1428 inobedientes)
2586 1349 2652 1414 ἃ

262 1433 669 1502 τεῑτειξὶειι·ἰος
688 1449 962 1518 cogere,
993 1430 1146 1498 &in
1172 1429 1290 1496 suo
1318 1431 1540 1495 officio
1567 1431 1909 1496 continere
1934 1432 2206 1493 valeant.
2290 1434 2518 1515 Atque
2544 1432 2650 1496 hic

265 1519 359 1585 est
396 1517 710 1602 genuinus
744 1526 1104 1596 conceptus
1142 1514 1336 1578 status
1360 1555 1384 1593 ,
1426 1514 1753 1599 religionis
1775 1556 1799 1594 ,
1846 1515 1908 1578 &
1945 1512 2294 1591 Ecclesiae,
2339 1527 2652 1598 quantum

263 1603 486 1666 saltem
520 1601 708 1664 nobis
739 1599 1039 1678 videtur,
1079 1617 1214 1683 quo
1258 1598 1424 1662 bene
1464 1608 1776 1679 percepto
1812 1597 2016 1660 ferme
2053 1615 2278 1660 omnes
2310 1596 2653 1667 difficulta-

265 1697 364 1750 tes
391 1685 459 1748 in
490 1683 607 1748 hac
642 1682 904 1748 materia
932 1693 1350 1746 occurrentes
1377 1680 1551 1745 facili
1577 1681 1845 1766 negotio
1871 1679 2130 1760 poffunt
2154 1679 2337 1744 dilui.
2423 1684 2652 1767 ltaque

266 1767 630 1855 quaeritur,
686 1786 761 1830 an
800 1764 1086 1830 Christus
1121 1762 1455 1828 Dominus
1493 1765 1688 1828 talem
1730 1775 1978 1827 coetum
2001 1803 2025 1842 ,
2072 1763 2492 1842 societatem,
2543 1766 2656 1828 vel

263 1850 727 1932 rempublicam
774 1846 979 1912 modo
1022 1845 1400 1928 descriptam
1439 1847 1836 1911 instituerit?
1879 1842 1946 1909 id
1966 1885 1990 1925 ,
2030 1845 2213 1930 quod
2251 1866 2404 1911 cum
2441 1847 2653 1914 omni-

265 1935 386 1999 bus
432 1930 780 1998 Catholicis
820 1927 1258 1994 indubitanter
1303 1928 1726 2006 affirmamuS,
1773 1927 1840 1992 id
1876 1930 2070 1993 unice
2113 1941 2596 2012 praemonentes
2622 1971 2651 2011 ,

265 2015 447 2102 quod
488 2017 595 2080 illa
630 2013 1028 2095 potiffimum
1062 2027 1433 2097 argumenta
1465 2012 1657 2075 simus
1696 2010 1992 2090 allaturi,
2045 2032 2194 2096 quae
2240 2012 2319 2076 ad
2357 2012 2657 2078 elidenda

261 2098 579 2165 contraria
610 2110 749 2161 tum
782 2116 862 2159 ex
896 2095 1225 2176 principiis
1258 2093 1792 2182 Jurisprudentiae
1832 2094 2246 2175 universaliS,
2285 2109 2425 2160 tum
2451 2117 2532 2161 ex
2557 2096 2652 2162 hi-

259 2181 470 2247 storiis
486 2177 940 2246 Ecclesiasticis
963 2179 1358 2259 potiffimum
1387 2177 1771 2260 deprompta
1789 2218 1811 2256 ,
1845 2177 1989 2243 &in
2012 2178 2241 2244 ordine
2268 2178 2345 2244 ad
2365 2181 2655 2262 Scriptus

258 2286 396 2331 ram
416 2263 651 2328 sacram
678 2260 1220 2342 interpretandam
1253 2261 1558 2341 affumpta
1581 2261 1771 2326 nobis
1797 2261 2016 2326 facere
2043 2261 2486 2343 videbuntur,
2514 2284 2651 2330 coe-

258 2358 434 2424 tera,
466 2362 616 2430 quae
626 2343 963 2427 Theologi
980 2343 1198 2423 paffim
1220 2357 1647 2421 coacervant,
1670 2362 1807 2407 non
1830 2342 1963 2406 fine
1990 2345 2168 2408 utilis
2199 2344 2434 2411 filentii
2457 2349 2653 2413 ratio-

258 2449 344 2495 ne
366 2432 429 2497 &
443 2437 624 2492 tanto
645 2425 949 2490 libentius
973 2424 1478 2504 praetermissuri,
1537 2436 1736 2491 uanto
1756 2425 1986 2506 majori
2006 2427 2375 2492 eruditione
2396 2450 2470 2494 ac
2488 2450 2648 2512 pro-

256 2510 576 2577 funditate
597 2527 671 2572 ea
685 2514 719 2572 a
733 2508 1100 2593 Theologis
1120 2507 1351 2572 nostris
1371 2508 1467 2573 fui
1519 2529 1556 2574 e
1578 2507 1947 2603 dilucidata,
1967 2529 2101 2572 non
2128 2510 2641 2608 ignoramuS.(b>

427 2593 716 2660 Primum
742 2592 762 2654 i
809 2590 938 2657 'tur
955 2603 1404 2676 argumentum
1428 2610 1508 2655 ex
1526 2592 1650 2672 ipsa
1673 2591 2073 2657 institutione
2086 2594 2398 2660 Ecclefiae
2413 2616 2446 2659 a
2460 2596 2647 2661 Chn-

255 2678 354 2742 sto
391 2675 595 2754 fasta,
635 2694 748 2740 mo
798 2693 973 2760 oque
1015 2679 1186 2741 illam
1223 2675 1698 2756 constituendi,
1741 2677 2095 2742 vocatione
2130 2678 2424 2762 singulari
2458 2681 2649 2764 Apo·-

253 2761 618 2837 stolorum,
646 2777 915 2823 munere
949 2758 1095 2839 ipsis
1122 2758 1457 2824 commiffo
1480 2799 1504 2839 ,
1545 2759 1607 2825 &
1639 2759 1954 2842 potestate
1975 2760 2120 2843 ipfis
2148 2761 2375 2827 tradita
2412 2760 2647 2844 depro-

254 2845 511 2909 mimus,
595 2840 802 2906 Venit
827 2859 984 2927 ergo
1022 2841 1349 2923 Christus,
1383 2842 1446 2909 &
1475 2862 1641 2924 opus
1666 2843 1851 2910 suum
1876 2843 2381 2911 consummavit:
2418 2848 2641 2928 venit,

255 2927 561 3014 inquam,
613 2924 897 2990 Christus
925 2965 949 3007 ,
1010 2936 1084 2991 ut
1130 2926 1463 2992 hominem
1510 2926 1895 3009 redimeret,
1935 2948 2176 2996 novam
2213 2929 2594 3014 religionem
2617 2974 2643 3015 ,

253 3094 346 3165 (a)
380 3092 610 3143 Convenit
634 3090 726 3142 hac
745 3090 954 3144 definitio
972 3094 1165 3145 omnino
1186 3110 1290 3145 eum
1322 3094 1588 3146 definitione
1609 3096 1946 3162 Theologorum
1969 3097 2305 3149 catholicorum
2329 3129 2346 3155 ‚
2371 3101 2419 3150 dt
2445 3101 2518 3147 illa
2543 3115 2644 3150 mn·-

395 3162 547 3216 xime,
565 3175 698 3225 quan
726 3158 861 3209 tradit
882 3162 1150 3212 Tourneliuo
1175 3166 1315 3213 Tom.
1333 3168 1395 3214 V.
1418 3175 1502 3213 m.
1536 3178 1581 3212 ¹.
1602 3163 1783 3213 dicens:
1817 3167 1938 3214 reae
1962 3166 2122 3215 dicitur
2147 3164 2369 3217 Eccleliaz
2398 3181 2539 3217 coetus
2555 3169 2645 3219 ho-

390 3229 568 3279 minum
588 3228 715 3277 unius
737 3230 785 3278 dc
808 3226 1008 3286 ejudem
1034 3228 1139 3279 fidei
1169 3231 1422 3281 Christianae
1449 3228 1744 3294 professione,
1764 3235 1810 3283 dc
1836 3232 2087 3283 eorundem
2104 3235 2494 3285 &camentorum
2510 3251 2645 3286 com·

395 3297 616 3346 munione
637 3294 905 3353 eonjunaus
924 3293 1000 3346 sub
1028 3297 1241 3362 regimine
1267 3299 1570 3358 legitimorum
1588 3298 1838 3359 Pastorum,
1863 3315 1916 3349 nc
1941 3301 2155 3366 precipue
2181 3303 2374 3353 Romani
2397 3302 2645 3357 Pontificiu-

382 3369 493 3415 «Νοι
517 3377 673 3413 tamen
701 3359 885 3412 studiose
908 3361 1193 3415 abstraximus
1215 3367 1249 3415 A
1274 3368 1490 3433 legitimis
1522 3365 1804 3427 Pastorum,
1840 3369 1941 3433 quin
1969 3368 2115 3431 potin·
2139 3370 2375 3422 Ecclesiam
2400 3371 2446 3420 in
2476 3387 2641 3438 genere

397 3430 585 3481 definire
606 3431 826 3478 voluimus
838 3462 854 3490 ,
876 3433 923 3482 δι
941 3432 1130 3495 primum
1146 3451 1200 3484 ex
1226 3434 1321 3500 post
1339 3433 1689 3484 examinabimus
1703 3466 1718 3495 ,
1740 3450 1797 3485 nn
1813 3435 1861 3485 in
1875 3435 2067 3486 Ecclefia
2079 3436 2209 3488 detur
2225 3440 2459 3504 imperium
2476 3439 2549 3490 sub
2568 3442 2636 3492 lc-

427 3501 557 3548 itimis
587 3498 839 3561 pastoribus.

255 3566 332 3635 (b)
371 3518 481 3620 vssid.
507 3565 675 3616 clariss.
701 3567 741 3612 Ρ.
777 3564 1071 3615 Οοώἱηίεηυς
1095 3566 1295 3619 Thoma-
1318 3570 1367 3622 in
1398 3567 1475 3621 sno
1496 3567 1746 3639 spicilegio,
1770 3569 1846 3625 ubi
1876 3571 1994 3626 hanc
2020 3572 2311 3643 questionem
2331 3574 2423 3627 fuse
2446 3579 2492 3627 &
2527 3593 2633 3643 pro-

393 3635 537 3687 fmde
559 3649 719 3686 contra
751 3633 1086 3688 l’ufendotfium
1113 3634 1302 3691 discum.
