2970 3918
931 156 1046 232 De
1073 150 1460 233 Hier-archia
1504 149 1932 252 Ecclefiaflicai
2500 174 2524 223 ι
2539 171 2625 244 43

244 295 586 375 ‘fatendum
610 308 705 374 est
729 293 1000 374 ulterius
1016 350 1043 390 9
1072 308 1253 396 quod
1289 310 1353 378 δε
1373 306 1823 390 Metropolitae
1861 305 1928 373 δι
1964 300 2270 388 Episcopi
2301 297 2418 384 ipsi
2454 301 2632 396 l’onae

246 391 534 456 tificibus
566 391 999 457 n‘ecessitatem
1040 392 1316 458 fecerint
1341 433 1367 473 9
1400 398 1476 458 ut
1502 393 1565 456 &
1596 389 2166 473 Metropolitarum
2194 427 2223 468 ,1
2260 385 2324 453 δι
2363 383 2630 467 Episco-

244 493 483 555 porum
501 474 755 556 juribus
789 472 1094 538 arstiores
1119 487 1441 556 ponerent
1472 473 1710 539 limites
1736 495 1756 537 e
1796 471 2083 555 inprimis
2108 471 2283 535 enim
2316 488 2517 554 quem
2541 471 2630 532 la-

243 569 386 622 tent
417 556 783 620 turbulenta
807 556 916 618 illa
949 567 1278 638 tempora,
1320 559 1383 622 &
1411 556 1740 622 schismata
1779 556 1950 621 inter
1987 552 2340 621 Pontifices
2379 555 2631 636 Grego-

243 641 415 707 rium
442 640 596 709 Vn.
626 637 988 701 Paschalem
1011 641 1095 701 11.
1121 680 1144 717 9
1178 640 1505 704 Callistum
1532 641 1615 702 ΙΙ.
1648 658 1731 703 ex
1754 659 1919 718 una,
1945 638 2009 704 δι
2045 641 2472 721 Imperatores
2505 638 2629 700 Ot-

240 734 471 799 toneS,
500 719 824 782 Henricos
859 738 942 782 ex
976 722 1169 784 altera
1191 725 1412 803 parte?
1458 740 1663 806 quum
1700 722 1876 787 enim
1906 720 2354 802 Metropolitae
2380 718 2444 784 &
2470 719 2648 801 Epi-⁶

235 801 415 882 scopi
432 840 455 878 9
471 800 832 865 Germaniae
861 802 1258 882 potiffimum
1276 843 1297 881 9
1327 804 1825 885 imperatoribus
1852 803 2255 869 adhaererent
2273 843 2296 882 9
2330 801 2626 866 schisma-

238 899 300 947 ta
331 885 679 962 foverent,
711 884 775 949 &
808 884 1134 950 nutrirent
1169 926 1193 964 9
1227 886 1293 950 &
1325 886 1674 966 paucissimi
1700 927 1725 966 9
1767 888 1817 951 si
1842 886 2011 951 duos
2036 891 2151 952 vel
2183 899 2313 951 tres
2350 886 2626 967 excipia-

237 987 422 1046 mus>
461 965 704 1030 fuerint
726 1006 751 1045 9
781 967 892 1051 qui
915 965 1059 1046 jura
1088 968 1484 1032 Pontificum
1523 967 1991 1047 defenderent,
2029 969 2365 1034 ambitioni
2403 968 2630 1032 Ponti-

239 1050 442 1113 ficum
478 1048 744 1112 adscribi
769 1050 995 1134 nequit
1015 1090 1039 1127 9
1073 1049 1125 1111 'si
1148 1050 1229 1115 de
1257 1052 1523 1114 illorum
1541 1049 1794 1129 juribus
1818 1051 2267 1136 restringendis
2296 1051 2628 1137 cogitave-

236 1144 412 1195 runt.
487 1132 650 1214 Quis
676 1132 927 1215 ignorat
961 1132 1328 1196 simoniacas
1355 1132 1711 1198 elestiones
1751 1133 2228 1216 Episcoporum
2261 1176 2283 1214 9
2324 1135 2630 1198 coll-atio-

234 1235 351 1278 nes
383 1214 861 1279 Beneficioium
883 1215 958 1278 iis
978 1215 1800 1297 potiflimumtemporibus
1822 1215 2355 1301 frequentissimas
2371 1258 2394 1296 9
2421 1219 2484 1283 &
2498 1217 2627 1282 fer-

234 1310 344 1363 me'
368 1296 768 1380 quotidianas
784 1338 807 1376 9
830 1299 1062 1381 quibus
1080 1318 1205 1380 per
1233 1297 1527 1364 Concilia
1542 1340 1565 1378 9
1593 1299 1654 1364 &
1680 1298 2035 1363 Pontifices
2057 1299 2457 1364 obviandum
2481 1300 2626 1364 fue-

230 1393 331 1442 rat
350 1418 372 1457 9
394 1380 455 1443 &
478 1379 588 1441 vix
613 1380 798 1446 aliter
822 1380 1072 1444 obviari
1092 1382 1346 1463 potuit,
1374 1400 1566 1467 quam
1585 1400 1703 1464 per
1721 1381 2157 1447 restrifitiones
2181 1382 2451 1465 jurium,
2478 1383 2623 1468 qui-

231 1462 354 1525 bus
380 1460 442 1526 &
468 1461 787 1530 elefitores
814 1503 838 1542 9
876 1463 938 1528 &
959 1464 1450 1530 confirmatores
1473 1469 1839 1531 utebantur.
1921 1464 2033 1530 Ad
2058 1465 2202 1530 haec
2239 1467 2429 1529 multi
2471 1467 2625 1549 Epi·-

232 1544 412 1628 scopi
439 1543 964 1629 JurisdiSlionem
998 1548 1570 1629 Metropolitarum
1601 1548 1900 1625 subterfu
1942 1567 2052 1613 ere
2091 1551 2391 1612 volentes
2424 1589 2448 1627 9
2493 1570 2626 1613 ma·-

227 1628 362 1709 jori
395 1627 510 1692 sibi
548 1628 876 1692 duxerunt
914 1630 1151 1694 honori
1188 1633 1623 1709 Pontificum,
1649 1652 1841 1716 quam
1895 1642 2139 1696 vuorum
2167 1632 2625 1713 Metropolita-

230 1730 379 1776 rum
400 1710 698 1791 potestati
727 1711 1049 1792 subjacere
1065 1755 1089 1793 ,
1120 1715 1180 1779 &
1206 1715 1358 1781 hinc
1390 1715 1453 1777 se
1482 1714 1589 1777 sua
1609 1714 1838 1795 sponte
1863 1714 1988 1778 suis
2017 1715 2460 1795 Metrop'olitis
2478 1715 2624 1779 sub-

229 1804 583 1859 traxerunt.
664 1797 987 1859 Praeterea
1010 1797 1224 1882 negari
1258 1797 1484 1881 nequit
1511 1838 1534 1875 9
1566 1797 1748 1880 quod
1766 1796 1880 1878 ipsi
1909 1798 2360 1878 Metropolitae
2389 1798 2456 1861 in
2478 1798 2622 1862 vin·-

230 1873 515 1940 dicandis
535 1876 788 1956 juribus
819 1877 1130 1952 suis-teste
1149 1879 1569 1959 ThomafinO.
1607 1878 1717 1962 (a)
1803 1880 2014 1945 minus
2054 1880 2322 1944 solertes
2346 1920 2368 1958 9
2409 1881 2471 1945 &
2510 1899 2619 1943 ne-

231 1959 314 2043 gli
361 1958 641 2022 entiores
669 1957 915 2025 fuerint
936 1999 960 2038 9
1001 1973 1077 2025 ut
1103 1959 1259 2055 quid
1282 1961 1439 2046 ergo
1467 1961 1743 2039 mirum,
1783 1961 1832 2026 sl
1863 1962 2217 2028 Pontifices
2246 1964 2616 2028 occasiones

219 2060 299 2103 re
328 2040 591 2104 ervandi
613 2041 758 2120 jura
793 2044 1285 2125 Metropolitica
1315 2084 1338 2124 9
1376 2063 1582 2128 eaque
1606 2043 2028 2130 restringendi
2054 2046 2351 2109 ambabus
2379 2052 2615 2127 ample-

226 2123 354 2186 xati
387 2120 530 2186 sunt
563 2123 857 2210 manibus
878 2130 910 2192 ’ἑ
991 2129 1072 2191 In
1099 2147 1183 2192 eo
1211 2147 1443 2193 verum
1471 2125 1698 2192 dicunt
1733 2128 1798 2193 ὅτ
1818 2125 2232 2210 Acathol'ici2
2267 2129 2330 2193 &
2355 2128 2615 2213 quidam

220 2205 543 2270 Catholici
569 2204 995 2289 infringendas
1019 2209 1421 2275 authoritatis
1446 2210 1818 2275 Pontificiae
1832 2210 2249 2290 studiosores³
2277 2211 2458 2295 quod
2471 2216 2615 2277 Me-

222 2286 682 2367 tropolitarum
706 2288 1054 2353 authoritas
1079 2289 1446 2356 decreverit
1464 2332 1487 2369 9
1515 2291 1776 2376 quando
1802 2293 2013 2358 crevit
2041 2296 2316 2376 potestas
2339 2297 2614 2361 Pontifi-

227 2388 398 2462 cum..
427 2450 439 2461 ·
470 2370 545 2431 In
571 2386 654 2435 eo
682 2379 895 2434 tamen
920 2372 1246 2438 excedunt
1273 2413 1297 2453 9
1333 2373 1512 2462 quod
1545 2392 1812 2443 ornnem
1836 2378 2095 2460 culpam
2118 2377 2185 2443 in
2214 2378 2613 2446 Pontificum

226 2451 641 2515 ambitionem
666 2453 1027 2521 refundant.
1331 2487 1339 2491 ·

389 2537 707 2618 Quaenam
741 2535 861 2601 fint
888 2537 1201 2604 hodierna
1231 2539 1374 2620 jura
1404 2537 1976 2622 Metropolitamm
2012 2540 2392 2622 paucissimis
2435 2542 2611 2608 dice-

218 2632 384 2679 mus,
429 2616 727 2698 Inprimis
752 2618 985 2683 habent
1014 2622 1159 2702 jura
1198 2625 1567 2688 communia
1597 2623 1831 2688 Ordini
1863 2665 1885 2703 9
1921 2621 2420 2712 Jurisdiffionali
2456 2627 2610 2708 Epi-

222 2698 459 2780 scopali
491 2699 618 2783 legi
643 2699 1050 2768 Dioecesanae
1070 2746 1092 2784 9
1125 2705 1188 2770 &
1221 2706 1335 2787 ipsi
1378 2706 1564 2772 statui
1602 2706 1712 2771 seu
1741 2705 2330 2791 dignitati-illorum
2358 2709 2477 2793 (b)
2503 2730 2608 2774 an-

221 2797 402 2844 nexa.
487 2780 663 2844 Dein
695 2781 925 2849 habent
962 2786 1256 2871 quaedam
1278 2789 1421 2869 jura
1458 2789 1565 2855 sed
1592 2789 1875 2855 restrit‘ta
1904 2802 2033 2855 tarn
2063 2791 2129 2855 in
2173 2791 2416 2857 subitos
2457 2793 2604 2858 suo-

218 2882 364 2925 mm
410 2862 879 2958 Episcoporum
922 2867 1469 2954 suffraganeorum
1506 2916 1527 2947 9
1575 2892 1766 2955 quam
1808 2874 1872 2935 in
1915 2872 2083 2953 ipsos
2147 2872 2596 2958 suffraganeos

220 2956 530 3038 quantum
556 2944 633 3008 ad
651 2965 794 3024 jura
819 2952 1301 3034 Metropolitica
1325 2956 1384 3017 iii
1407 2954 1847 3041 Suffraganeos
1865 2997 1888 3034 9
1931 2956 2194 3022 illorum
2223 2958 2604 3025 Dofitoruin

215 3027 524 3122 protcfito
549 3026 972 3126 sententia-est
996 3037 1411 3102 intolerabilis
1439 3080 1461 3118 9
1507 3039 1617 3123 qui
1647 3039 2088 3119 Metropolitis
2130 3041 2510 3120 potestatem
2536 3044 2603 3106 in

218 3111 574 3204 Εριίὶῑορος
600 3110 714 3177 sibi
737 3116 1055 3193 subjestos
1084 3124 1323 3186 nullam
1355 3121 1772 3200 concedunt,
1809 3121 1925 3185 nisi
1956 3122 2022 3186 in
2049 3123 2291 3188 casibus
2315 3127 2602 3191 nomina-

220 3207 335 3257 tim
364 3200 398 3257 a
430 3211 579 3273 jure
607 3198 939 3278 expressis:
983 3223 1059 3265 ari
1092 3206 1263 3268 enim
1288 3206 1349 3268 hi
1382 3208 1535 3270 tales
1569 3205 1860 3269 nesciunt
1894 3224 2272 3272 communes
2298 3209 2468 3296 Juris
2494 3230 2596 3274 re-

215 3278 391 3366 gulas
416 3316 439 3358 9
469 3279 650 3363 quod
681 3298 814 3345 non
842 3286 1058 3365 plures
1086 3288 1458 3356 corma-um
1484 3330 1506 3369 9
1537 3308 1728 3373 quam
1761 3287 2123 3373 expressum
2141 3331 2164 3372 9
2201 3293 2381 3378 quod
2410 3312 2598 3359 exce-

2453 3379 2596 3461 ptio

212 3452 294 3519 (1)
329 3453 424 3507 Lib.
444 3465 703 3519 help-48.

214 3523 296 3590 (b)
330 3526 541 3607 Dicemus
575 3522 693 3573 infra
718 3524 1010 3595 quadruplici·
1031 3533 1206 3601 guuiz
1236 3533 1319 3587 effe
1357 3538 1453 3599 jun
1474 3532 1770 3605 Episcoptlin,
1808 3536 2028 3609 Ordinis,
2049 3537 2404 3607 jactanto-is
2416 3540 2447 3604 ,⁸
2464 3546 2594 3612 legis

352 3591 621 3658 Danaes'm
637 3626 653 3656 ‚
669 3595 714 3645 δι
743 3596 915 3649 Stans.
2432 3602 2444 3613 ⁸
