2970 3918
1027 148 1143 227 De
1173 149 1356 228 Statu
1385 149 1681 246 Ecclefiaea
2535 177 2566 240 3
2587 179 2620 239 3

226 306 532 375 scendere
555 307 828 373 afferunt
857 324 874 367 t
917 321 1077 367 num
1108 304 1284 371 enim
1315 303 1472 368 bomo
1489 307 1698 386 separet
1717 347 1738 378 ,
1774 299 1919 394 quod
1944 303 2139 367 DEUS'
2170 289 2485 387 cunjunxit?
2512 317 2622 371 aut

225 390 499 455 fortassis
515 390 734 453 dicere
758 385 1088 452 audebunt
1104 431 1128 467 ,
1151 406 1350 465 penes
1370 389 1690 467 populum
1712 386 1894 448 aliam
1913 384 2292 465 potestatem
2308 404 2445 448 non
2468 389 2621 452 reli-

228 473 384 536 dere
398 514 422 551 ,
458 471 575 535 nisi
593 470 916 553 designare
939 467 1232 547 personas
1247 510 1271 547 ,
1291 469 1515 551 inquas
1528 468 1763 533 DEUS
1791 466 2099 532 summam
2122 467 2385 548 Imperii
2415 481 2618 533 trans-

224 556 383 617 ferri
407 554 623 631 voluit
654 555 683 615 ’ζ
726 549 851 615 Sed
876 552 939 612 O
964 550 1132 613 Boni
1159 551 1387 630 Superi
1422 556 1436 613 ἔ
1483 569 1633 634 quae
1659 568 1795 614 non
1823 549 2058 613 exinde
2092 570 2308 614 rerum
2338 552 2619 617 monstra

225 637 407 718 sequi
434 632 756 698 necessum
779 631 925 694 est?
969 632 1266 715 nunquid
1308 631 1438 696 hoc
1469 632 1561 696 est
1598 634 1833 696 tollere
1860 632 2075 697 omnia
2109 629 2290 713 pac'ta
2322 636 2618 718 ,quibus

224 718 509 783 Societas
536 713 746 779 civilis
773 712 1151 777 continetur
1177 753 1200 792 ,
1254 713 1317 779 &
1358 716 1531 797 leges
1584 706 1808 778 om'nes
1842 713 2349 779 fundamentales
2385 720 2618 796 plane..

220 798 628 881 prosternere
654 837 679 875 ,
719 815 855 880 quo
883 795 1022 875 ipso
1052 815 1189 859 non
1227 795 1441 875 potest
1467 815 1606 859 non
1643 796 1943 860 immensa
1979 798 2041 861 &
2071 798 2262 862 nullis
2304 798 2615 868 limitibus
2672 824 2680 829 ’

222 879 707 960 circumscripta
745 878 1024 959 potestas
1062 876 1331 965 adscribi
1357 879 1879 956 Imperantibus?
1923 879 2220 974 nunquid
2267 879 2397 945 hoc
2442 883 2616 951 idem

221 963 317 1028 est
350 1004 373 1042 ,
419 983 492 1027 ac
528 962 700 1026 inani
725 959 1174 1056 imaginatione
1206 959 1269 1022 se
1306 957 1510 1039 ipsum
1541 959 1852 1024 deludere
1881 1002 1902 1040 ,
1949 965 2124 1045 quali
2162 982 2326 1026 vero
2362 970 2618 1046 Maiestas

222 1046 302 1110 ad
330 1045 518 1110 instar
551 1044 683 1108 olei
720 1049 894 1129 quan
922 1043 1181 1107 coelitus
1211 1039 1583 1106 effundatur
1624 1043 1705 1134 in·
1725 1043 2060 1123 personam
2098 1050 2132 1106 a
2163 1049 2414 1127 populo
2454 1048 2616 1112 defi-

223 1141 474 1213 gnatam
495 1169 518 1207 ,
549 1126 769 1213 quod,
803 1146 930 1211 qua
956 1126 1208 1189 ratione
1232 1125 1344 1188 fiat
1373 1137 1536 1203 ,saut
1564 1123 1711 1187 fieri
1740 1126 1932 1204 possit
1966 1165 1988 1201 ,
2034 1146 2230 1190 nemo
2261 1127 2374 1192 fibi
2422 1129 2615 1197 facile

221 1211 550 1297 imaginari
591 1209 896 1291 poterit?
942 1210 1131 1291 quale
1160 1206 1228 1272 in
1259 1208 1377 1290 hac
1413 1207 1725 1288 opinione
1765 1207 1888 1270 erit
1928 1207 2266 1273 discrimen
2307 1211 2475 1275 inter
2514 1214 2610 1278 in-

213 1292 424 1374 justos
460 1292 786 1356 invasores
819 1330 843 1370 ,
885 1302 1191 1376 tyrannos
1224 1330 1249 1368 ,
1295 1291 1357 1356 &
1400 1291 1677 1359 rebelles
1730 1287 1930 1353 fasces
1975 1292 2236 1372 Imperii
2265 1291 2467 1375 impio
2505 1317 2617 1361 au·

217 1375 294 1440 su
329 1376 703 1455 usurpante-s
726 1416 751 1455 ,
796 1375 858 1440 &
890 1375 1039 1446 illos
1068 1416 1092 1455 ,
1136 1393 1304 1459 quos
1344 1376 1456 1439 vel
1488 1373 1771 1458 populus
1814 1373 1928 1436 fibi
1957 1374 2151 1457 elegit
2173 1414 2196 1453 ,
2238 1380 2351 1440 vel
2372 1377 2614 1446 DEUS

218 1458 355 1540 ipse
395 1457 695 1542 singulari
737 1458 1091 1522 vocatione
1135 1456 1213 1520 ad
1265 1459 1526 1522 culmen
1574 1456 1827 1536 imperii
1879 1457 2147 1520 vocavit
2174 1497 2196 1536 ,
2259 1471 2366 1524 aut
2404 1459 2614 1557 fingu-

218 1540 337 1606 lari
378 1539 801 1608 Providentia
853 1539 1248 1634 designavit?
1357 1541 1567 1603 Porro
1611 1554 1825 1604 autem
1863 1559 1943 1602 ex
1986 1539 2083 1602 his
2134 1539 2292 1624 quid
2339 1547 2612 1611 ulterius

217 1624 404 1708 sequi
431 1623 756 1689 necess'um
780 1618 910 1701 est,
961 1622 1078 1685 mfi
1104 1620 1286 1707 quod
1319 1621 1599 1702 prudens
1634 1621 1968 1686 dubitandi
2005 1622 2169 1694 ratio
2194 1623 2366 1687 illabi
2395 1627 2612 1694 subdi-

217 1718 443 1771 torum
478 1705 807 1771 mentibus
848 1707 1099 1785 valeat,
1139 1724 1218 1767 an
1251 1705 1485 1769 DEUS
1524 1704 1774 1770 homini
1815 1702 2095 1784 injust0,
2141 1704 2456 1789 invasori,
2513 1732 2612 1775 ra-

217 1789 432 1870 ptori,
476 1787 590 1874 qui
615 1807 731 1868 per
754 1786 1013 1852 fraudes
1033 1827 1057 1866 ,
1095 1787 1158 1852 &
1194 1785 1482 1851 facinora
1515 1783 1773 1867 pessima
1802 1785 1918 1850 fibi
1942 1787 2114 1850 viam
2138 1787 2356 1852 stravit
2377 1791 2455 1857 ad
2490 1793 2611 1860 im·-

218 1872 512 1951 perium,
554 1869 951 1950 Majestatem
992 1866 1296 1932 conferre
1337 1870 1664 1949 voluerit,
1708 1889 1843 1953 quo
1878 1869 1899 1931 i
1946 1868 2014 1933 so
2058 1865 2202 1952 fieri
2223 1873 2439 1952 potest
2462 1915 2485 1956 ,
2530 1889 2607 1942 ut

216 1956 499 2034 populus
520 1952 725 2015 ansam
750 1951 1002 2032 arripiat
1022 1950 1296 2015 fovendi
1320 1951 1753 2029 rebelliones,
1798 1952 1882 2014 eli
1933 1951 2080 2028 ‚endi
2108 1954 2279 2038 leges
2295 1995 2318 2033 ,
2348 1971 2606 2023 contra-

216 2033 475 2099 dicendi
521 2034 1032 2114 Imperantibus,
1078 2033 1432 2119 denegandi
1477 2034 1949 2112 obedientiam,
1997 2035 2058 2101 &
2109 2037 2324 2100 omnia
2351 2042 2604 2126 ,susque
2687 2096 2690 2100 .

215 2116 432 2201 deque
478 2117 835 2197 vertendi,
878 2116 1010 2182 hoc
1053 2115 1236 2198 ipso,
1325 2115 1465 2180 uod
1500 2115 1618 2181 fibi
1661 2115 2023 2199 persuasum
2073 2116 2337 2199 habeat,
2391 2124 2604 2191 eidem

212 2198 389 2264 suam
413 2198 795 2282 potestatem
823 2197 1191 2266 immediate
1221 2205 1256 2264 a
1350 2202 1474 2265 EO
1506 2219 1642 2265 non
1671 2199 1855 2265 fuiffe
1877 2200 2197 2266 collatam.
2282 2205 2441 2285 3.tio
2463 2212 2607 2272 Ho-

215 2280 477 2344 diernos
508 2280 741 2360 populi
774 2296 993 2345 mores
1028 2281 1657 2362 circumspiciamus,
1701 2303 1779 2346 an
1822 2304 1954 2347 non
1984 2287 2444 2363 Imperantium
2529 2314 2603 2356 o-

214 2360 508 2426 testatem
553 2361 707 2425 hinc
738 2359 892 2426 inde
921 2365 1035 2426 vel
1068 2364 1308 2444 pastiS,
1353 2363 1842 2428 conditionibus
1863 2406 1886 2444 ,
1932 2362 1994 2431 δι
2035 2312 2602 2445 capitulationigus

214 2442 294 2506 ad
325 2455 540 2507 certos
572 2443 737 2507 fines
779 2442 1105 2539 restringi,
1143 2449 1256 2510 vel
1306 2445 1640 2524 Comitiis,
1684 2447 1978 2526 Senatui,
2020 2451 2432 2517 Parlamentis
2463 2458 2600 2520 alli-

210 2525 345 2672 {ari
373 2522 720 2589 videmus?
797 2529 899 2590 Ex
926 2527 1159 2610 quibus
1198 2527 1497 2592 omnibus
1523 2527 1713 2594 facile
1740 2531 2071 2626 colligitur
2090 2569 2113 2608 ,
2203 2553 2292 2594 uo
2319 2534 2384 2599 in
2415 2537 2599 2605 sensu

238 2625 455 2673 umma
478 2606 758 2688 potestas
793 2613 829 2672 a
852 2608 1049 2674 DEO
1094 2610 1208 2690 fit,
1256 2613 1317 2676 &
1345 2612 1597 2678 aDEO
1631 2612 1757 2676 effe
1795 2616 2121 2694 Scriptura
2196 2613 2339 2683 icat.
2441 2623 2598 2686 Per-

207 2689 396 2753 suasit
431 2707 667 2771 nempe
714 2692 938 2756 lumen
974 2695 1262 2758 naturale
1313 2694 1686 2759 hominibus
1728 2696 1804 2759 ab
1841 2696 1978 2778 ipso
2030 2696 2302 2763 authore
2346 2716 2595 2772 naturae

208 2771 531 2850 inditum,
570 2784 647 2836 ut
671 2793 795 2854 pro
831 2774 963 2839 vita
986 2777 1331 2861 tranquille
1357 2778 1418 2843 &
1453 2778 1639 2843 beate
1673 2780 1912 2863 agenda
1946 2780 2012 2842 in
2030 2781 2421 2848 Societatem
2456 2790 2596 2852 coi·

205 2866 357 2920 rent
393 2854 457 2919 &
489 2866 729 2919 certam
763 2855 1154 2939 imperandi,
1198 2859 1593 2946 parendique
1615 2881 1907 2927 normam
1931 2862 2043 2927 s1bi
2082 2863 2586 2943 lpraestituemnt.

208 2936 525 3019 profluxit
556 2937 701 3002 haec
729 2940 1113 3006 'constitutio
1143 2962 1225 3006 ex
1255 2943 1520 3008 interno
1564 2941 1908 3011 di6tamine
1967 2966 2100 3008 non
2146 2950 2587 3030 praecipiente.

205 3018 321 3087 sed
353 3019 804 3102 permittente,
848 3022 911 3088 &
949 3022 1290 3105 suadente,
1334 3026 1471 3106 ipso
1511 3027 1810 3108 supremo
1853 3028 2136 3093 Numine
2178 3035 2410 3114 grande
2456 3039 2586 3104 hoc

209 3121 422 3183 opUS,
465 3101 648 3185 quod
687 3102 1112 3172 meditabatur
1156 3113 1475 3191 populus,
1519 3112 1933 3192 approbante.
2055 3115 2382 3198 Quoniam
2422 3142 2585 3187 vero

206 3186 344 3251 fine
378 3184 654 3264 imperio
698 3188 1049 3254 multitudo
1094 3190 1162 3254 in
1212 3193 1547 3287 antiquum
1594 3193 1788 3256 chaos
1838 3194 2154 3275 relapsura
2195 3197 2582 3286 videbatur,

206 3267 485 3336 aliorum
508 3265 960 3349 imperantium
986 3270 1229 3339 'udicio
1259 3296 1334 3340 ac
1358 3276 1629 3356 imperio
1659 3274 1723 3339 se
1751 3275 1813 3339 se
1841 3277 2217 3343 submittere
2257 3290 2582 3354 necessum

203 3362 363 3417 erat.
480 3350 893 3432 Approbavit
930 3352 951 3419 i
1042 3353 1247 3437 ipsum
1288 3361 1635 3439 Supremus
1679 3377 1896 3424 rerum
1944 3359 2273 3428 Dominus
2304 3408 2327 3446 ,
2388 3383 2581 3456 atque

201 3432 584 3522 particulam
622 3433 940 3519 supremae
973 3439 1301 3523 potestatis
1342 3440 1551 3597 νέΙιιῑί
1597 3441 2104 3518 communicavit
2146 3453 2400 3535 populo
2426 3494 2449 3536 ,
2509 3467 2583 3519 ut

1418 3561 1419 3564 ’
2442 3556 2581 3605 eam
