2970 3918
307 189 443 256 162
1182 167 1380 273 Capu(
1411 175 1502 251 ll.
1530 184 1629 267 5.
1659 170 1828 253 ΧΠ.

295 332 555 417 pliciter
582 330 821 397 talibus
852 318 1202 395 videamus.
1307 330 1508 396 Erant
1525 327 1601 393 -hi
1628 325 1790 392 nihil
1813 324 1985 392 aliud
2013 346 2201 412 quam
2222 328 2471 396 Vicarii
2505 333 2673 399 fora«

299 418 406 480 nei
440 417 514 479 ab
554 411 886 491 Episcopis
911 408 1241 493 ass'umpti,
1273 422 1349 476 ut
1376 431 1597 477 curam
1624 411 2056 476 Ecclesiarum
2080 413 2388 477 ruralium
2407 415 2467 479 &
2484 419 2678 480 Paro-

300 502 578 565 chorum
613 492 964 570 haberent,
1013 494 1075 557 &
1116 494 1413 579 quaedam
1451 493 1755 576 Episcopi
1797 497 2010 558 munia
2051 494 2328 561 obirent.
2469 498 2678 582 Origo

300 579 782 659 chorepiscoporum
812 575 1183 660 neutiquam
1218 596 1299 640 ex
1343 577 1746 641 institutione
1785 578 2054 654 Ciu-isti,
2101 579 2160 642 &
2201 578 2678 657 Apostolorum

300 662 391 725 est
421 652 762 721 derivanda
782 697 804 734 7
850 677 1053 741 quum
1082 659 1348 724 illorum
1387 679 1508 724 nec
1538 660 1900 741 Scriptura,
1940 679 2063 724 nec
2091 663 2387 725 Canones
2414 663 2476 727 &
2505 665 2682 744 Con—

296 740 661 807 stitutiones
698 741 1103 820 Apostolicae
1128 782 1152 820 2
1181 759 1306 806 nec
1338 742 1615 827 Ignatius
1646 783 1670 822 9
1695 762 1816 807 nec
1853 744 2194 809 Cornelius
2223 745 2426 825 Papa,
2459 745 2679 812 licet...

302 824 491 890 ambo
520 820 801 888 Ordines
823 823 1298 891 Ecclesiasticos
1313 826 1406 890 sui
1432 827 1740 906 temporis
1757 835 2050 889 accurate
2075 827 2470 906 recenseant„
2500 849 2680 893 men-

299 908 550 972 tionem
579 904 831 973 faciant.
920 912 1152 991 ltaque
1179 909 1250 972 in.
1273 908 1555 973 Ecclesia
1577 908 1900 973 Orientali
1919 907 2087 972 circa
2106 908 2360 973 initium
2375 914 2534 976 Saec,
2553 914 2679 978 IV.

305 990 435 1055 orti
459 989 605 1053 sunt
626 1029 653 1066 ,
693 1011 896 1074 quum
927 991 1193 1055 illorum
1219 991 1466 1055 mentio
1494 1003 1792 1055 occurrat
1818 992 1887 1054 in
1918 991 2170 1056 Concil.
2196 994 2550 1078 Ancyrano
2568 1035 2590 1073 >
2617 997 2680 1061 δε

302 1071 817 1139 Neocroesareensi
844 1115 868 1154 9
898 1075 964 1139 in
984 1073 1270 1140 Ecclesia
1294 1095 1456 1138 vero
1479 1072 1886 1140 Occidentali
1909 1075 2175 1140 illorum
2199 1077 2489 1141 meminit
2508 1079 2682 1141 Con-

302 1157 527 1221 cilium
552 1156 870 1241 Regiense
898 1176 995 1221 an.
1025 1156 1166 1238 436.
1196 1157 1611 1220 celebratum.
1679 1157 1916 1226 Ortum
1941 1157 2122 1219 suum
2147 1156 2297 1220 inde
2323 1167 2685 1240 traxerunt,

306 1238 523 1325 quod2
552 1259 763 1321 quum·
784 1242 942 1304 Saec.
964 1260 1022 1316 4.
1049 1241 1110 1305 δι
1145 1249 1200 1315 5.
1229 1240 1480 1321 jamjam
1503 1238 1786 1303 Ecclesia
1808 1239 2110 1304 immensa
2133 1241 2453 1322 acciperet
2471 1244 2683 1307 incre-

304 1335 519 1389 menta
545 1362 569 1400 ³
612 1323 675 1387 &
710 1322 839 1404 jam
859 1323 1162 1404 Episcopi
1189 1323 1401 1387 omnia
1430 1342 1548 1403 per
1572 1322 1635 1384 se
1662 1321 1830 1402 ipsos
1865 1323 1930 1386 in
1955 1319 2208 1404 oppidis
2239 1325 2301 1389 δι
2330 1324 2493 1388 vicis
2537 1346 2684 1406 per-

302 1423 491 1489 agere
522 1424 657 1485 non
686 1407 1023 1489 potuerint
1047 1445 1071 1485 9
1098 1407 1344 1470 necesse
1386 1404 1720 1470 habuerint
1757 1404 2153 1469 constituere
2183 1405 2495 1491 quosdam
2528 1409 2682 1490 Epi-

300 1487 537 1570 scopos
571 1493 807 1555 Vicat-ios
832 1537 850 1564 ,
890 1493 1002 1554 vel
1037 1490 1447 1574 Presbyteros
1473 1528 1496 1566 7
1523 1486 1780 1570 illisque
1812 1486 1964 1550 dare
1989 1486 2359 1554 facultatem
2383 1490 2683 1574 quaedam

304 1574 575 1635 minoris
601 1573 915 1636 momenti
947 1573 1199 1655 negotia
1233 1569 1642 1651 expediendi.
1711 1569 1947 1634 Officia
1977 1581 2191 1634 autem
2209 1571 2477 1637 illorum
2500 1586 2684 1641 erant
2711 1606 2714 1608 Α

305 1653 633 1741 sequentia
662 1677 681 1716 t
732 1674 902 1719 Lino
935 1665 1113 1719 erant
1150 1653 1477 1735 praepositi
1511 1650 2050 1737 Presbyterorum
2078 1654 2383 1719 ruralium
2424 1655 2558 1752 (a)
2596 1672 2703 1722 eo‘

303 1735 510 1802 ferme
541 1736 742 1800 modo
767 1778 791 1816 ,
836 1757 972 1823 quo
1001 1735 1200 1812 hodie
1220 1736 1475 1801 Decani
1497 1736 1738 1799 rurales
1757 1776 1782 1814 ·,
1811 1738 1920 1799 vel
1942 1735 2480 1804 Archi-Diacom.
2525 1739 2680 1807 2.do

307 1839 388 1883 ex
422 1819 826 1903 delegatione
864 1819 1167 1904 Episcopi
1209 1829 1505 1902 poterant
1538 1818 1841 1882 conferre
1887 1819 2171 1883 Ordines
2219 1822 2507 1886 Minores
2549 1863 2573 1902 2
2619 1824 2684 1890 &

308 1901 873 1971 Subdiaconatum.
977 1903 1136 1986 3.tio
1164 1902 1565 1966 vocabantur
1590 1898 1667 1963 ad
1703 1900 1996 1965 Concilia
2024 1941 2048 1979 ³
2091 1904 2152 1968 &
2178 1903 2244 1966 in
2271 1903 2347 1968 iis
2382 1904 2555 1969 suam
2587 1905 2684 1972 di·-

306 1986 538 2052 cebant
565 1986 963 2051 sententiam.
1030 1995 1168 2063 4.to
1208 1994 1509 2068 poterant
1530 1982 1855 2046 celebrare
1878 1983 2276 2050 Sacrificium
2303 1987 2371 2049 in
2412 1987 2688 2058 urbibus

307 2069 622 2152 praesente
665 2070 856 2134 etiam
887 2067 1217 2150 Episcopo
1254 2107 1278 2145 2
1329 2064 1396 2130 id
1439 2063 1619 2151 quod
1659 2064 1791 2128 aliis
1826 2066 2226 2151 Presbyteris
2255 2086 2391 2131 non
2427 2069 2684 2138 licebat.

308 2151 616 2218 Success'u
637 2152 945 2234 temporis
968 2153 1231 2215 illorum
1254 2162 1380 2213 tam
1416 2166 1722 2212 numerus
1791 2165 1940 2211 uam
1968 2149 2324 2214 authoritas
2344 2149 2410 2212 in
2435 2158 2683 2217 tantum

311 2236 601 2300 excrevit
630 2235 799 2299 circa
834 2247 1126 2316 tempora
1159 2231 1379 2297 Caroli
1404 2235 1538 2309 Μ.)
1579 2242 1655 2294 ut
1680 2229 1742 2309 ip
1772 2247 1823 2292 is
1861 2229 2052 2292 etiam
2085 2231 2418 2311 Episcopis
2456 2231 2685 2298 formi-

311 2315 514 2381 danda
533 2317 831 2382 existeret
849 2357 872 2395 9
901 2337 976 2380 ea
1014 2317 1186 2379 enirn
1209 2314 1340 2394 jam
1362 2313 1476 2376 sibi
1511 2311 1884 2396 arrogabant
1912 2312 2129 2375 munia
2145 2354 2168 2393 2
2190 2331 2341 2396 quae
2365 2312 2515 2376 solis
2537 2316 2689 2394 Epi·

310 2400 516 2480 scopis
533 2401 675 2464 sunt
691 2400 951 2481 propria
972 2420 1031 2463 e.
1047 2419 1105 2473 εἴ.
1136 2396 1524 2461 authoritate
1547 2393 1807 2476 propria
1827 2392 2042 2458 facere
2061 2395 2519 2468 Ordinationes
2542 2399 2689 2462 Cle-

310 2483 603 2548 ricorum
633 2485 755 2549 &a
823 2473 1159 2578 Quare⁹de
1185 2480 1450 2546 illorum
1475 2476 1888 2564 abrogatione
1919 2475 2071 2541 hinc
2108 2477 2261 2543 inde
2298 2478 2512 2554 astum
2548 2478 2691 2546 fue-

314 2578 446 2645 rat„
483 2567 545 2631 δε
580 2565 843 2650 quidem
880 2586 947 2630 in
977 2563 1263 2629 Ecclesia
1295 2562 1519 2626 Latina
1554 2561 1707 2626 abro
1753 2561 1843 2622 ari
1882 2573 2224 2641 coeperunt
2258 2563 2419 2626 Saec.
2448 2571 2508 2634 8.
2547 2575 2691 2628 tum

317 2656 352 2713 a
380 2651 603 2713 Leone
637 2651 756 2714 ΙΙΙ.
801 2649 913 2732 qui
945 2647 1403 2712 Ordinationes
1433 2646 1508 2709 ab
1532 2644 1674 2724 ipfis
1748 2641 1909 2706 astas
1938 2642 2192 2706 cassavit
2211 2683 2234 2720 ³
2265 2654 2401 2706 tum
2428 2645 2496 2708 in
2515 2647 2691 2710 Con-

317 2733 426 2798 cil.
453 2731 945 2811 Ratisbonenfi2
978 2729 1159 2816 quod
1182 2730 1442 2811 insuper
1468 2728 1681 2791 vetuit
1715 2723 1978 2806 posthac
2013 2745 2232 2789 creare
2264 2726 2693 2809 chorepisco-

316 2835 460 2898 pos,
545 2817 857 2880 Ultimato
888 2814 1146 2878 tandem
1166 2811 1749 2894 Chorepiscopatus
1774 2807 2112 2891 abrogatus
2146 2810 2270 2874 fuit
2293 2811 2360 2873 in
2390 2812 2693 2877 Concilio

317 2897 591 2963 Metensi
621 2918 716 2961 an.
748 2909 891 2973 888.
924 2897 992 2961 in
1027 2915 1161 2981 quo
1188 2896 1413 2961 ultima
1456 2889 2088 2973 chorepiscoporum
2117 2891 2193 2955 fit
2218 2894 2488 2957 mentio,
2570 2895 2696 2960 Di-

318 2982 568 3061 sputant
585 2980 746 3044 DD.
775 3001 853 3043 an
881 2980 1123 3043 fuerint
1151 2980 1292 3044 veri
1319 2975 1620 3058 Episcopi
1645 2978 1673 3038 ’ἑ
1732 2971 2024 3056 Quaestio
2065 2974 2208 3039 haec
2239 2974 2697 3042 facillimaetest

323 3062 660 3130 decisionis
698 3104 722 3142 2
774 3063 823 3126 fi
858 3062 1332 3127 distinffionem
1383 3059 1564 3140 supra
1603 3054 1831 3119 fastam
1889 3067 2033 3119 ante
2076 3061 2308 3123 oculos
2347 3077 2695 3138 ponamus:
2761 3129 2763 3131 .

322 3143 511 3209 fuere
544 3151 661 3209 veri
701 3149 927 3230 Episcopi
969 3145 1064 3210 illi
1093 3186 1114 3224 7
1161 3163 1326 3229 quos
1375 3140 1675 3222 Episcopi
1697 3139 1780 3230 ‚in
1821 3139 2236 3219 amplioribus
2284 3141 2699 3209 Dioecesibus

322 3247 476 3293 cuni
498 3226 807 3292 consensu
835 3226 1325 3308 Meti-cpolitani
1362 3225 1633 3288 solemni
1660 3235 1791 3284 ritu
1822 3221 2300 3288 consecrarunt.
2413 3228 2575 3289 Item
2603 3223 2697 3287 illi

325 3310 439 3393 qui
467 3315 501 3373 a
537 3309 656 3373 suis
684 3311 984 3374 Ecclesiis
1015 3323 1304 3376 extorres
1335 3306 1484 3371 faeti
1508 3308 1582 3369 ab
1602 3304 1936 3386 Episcopis
1962 3304 2228 3371 fuerunt
2251 3306 2556 3388 assumpti.
2577 3306 2694 3389 Cb)

327 3391 569 3460 Caeteri
597 3404 777 3457 erant.
796 3391 1112 3476 simplices
1147 3390 1516 3482 Presbyteri
1544 3388 1838 3470 ampliori
1864 3388 2172 3472 quadani,
2202 3389 2515 3471 potestate
2534 3406 2699 3533 prge-

998 3487 1005 3493 .
2651 3492 2703 3536 ²·

330 3562 407 3627 (ι)
439 3562 505 3609 Eo
532 3559 654 3608 enim
684 3571 884 3623 tempore
910 3558 1160 3610 emittam
1177 3556 1439 3610 dicebantur
1456 3556 1790 3620 eistatenses,
1809 3555 1855 3606 δε
1881 3552 1954 3607 alii
1971 3557 2153 3606 tenram
2174 3552 2267 3620 εἰς,
2327 3565 2330 3567 ·

321 3632 409 3696 (b)
442 3629 609 3679 Novel·
633 3646 718 3692 40·
745 3641 825 3689 42.
851 3631 895 3677 ὅ(
916 3644 999 3691 47.
