2970 3918
867 178 979 254 De
1008 170 1398 250 Ηῐενανεὺία
1428 168 1852 270 Εεεὶεβαβίια.
2241 171 2249 180 “
2499 189 2525 239 ι
2547 191 2578 238 2
2596 191 2629 252 3

242 341 307 406 δι
334 333 611 402 diversas
643 346 883 397 eorum
906 325 1150 407 species
1177 366 1202 404 ,
1231 327 1614 407 potestatem
1647 347 1670 404 ,·
1721 325 1784 392 &
1815 321 2271 389 authoritatem
2295 317 2418 387 ὅτε.
2457 319 2646 386 ‘vide‘

151 406 182 426 ‘'
239 434 349 486 tur
382 461 406 503 ,
446 414 632 503 quod
663 409 1017 481 Pontifices
1061 410 1346 472 aemulati
1398 409 1644 474 fuerint
1681 427 1898 472 mores
1925 409 2380 473 Romanorum
2409 445 2434 483 ,
2472 405 2645 485 apud

247 524 414 588 quos
443 498 719 582 triplicis
757 490 1007 577 generis
1038 503 1217 552 erant
1255 492 1483 574 legati,
1510 510 1747 570 nempe
1781 490 2127 582 Municipales
2153 509 2235 553 ex
2259 487 2526 554 decreto
2551 488 2648 551 sui

247 584 556 661 OrdiniS,
579 579 693 644 cui
720 573 935 638 inserti
967 583 1144 634 erant
1160 612 1184 649 ,
1211 573 1481 652 alicujus
1506 574 1747 654 negotii
1770 570 2159 655 expedlendi
2180 571 2360 637 causa
2381 571 2459 635 ad
2473 575 2649 636 Prae-

246 669 447 733 fidem
475 656 838 745 provinciae
859 693 886 731 ,
917 655 1031 717 vel
1053 653 1448 718 Praefeetum
1476 655 1867 720 Praetorium
1906 655 2069 719 miffi
2096 695 2120 733 ,
2162 655 2224 721 &
2251 655 2334 720 de
2373 654 2470 718 his
2519 656 2646 741 agi-

246 766 355 815 tur
394 744 474 810 ad
498 745 641 810 Tit.
667 741 730 804 de
754 736 1196 820 Delegationibus.
1271 738 1623 799 Provinciales
1645 785 1661 808 ‚
1691 739 1806 822 qui
1843 738 2061 804 habito
2101 739 2278 819 prius
2312 752 2652 812 conventu

249 841 286 899 a
311 824 658 913 provincia
689 818 770 884 ad
805 817 1172 910 Principem
1205 819 1315 880 vel
1351 818 1428 879 ad
1463 816 1677 883 sedem
1708 820 2268 900 praefestorianam
2298 822 2366 886 in
2406 821 2651 886 casibus

244 914 461 980 subito
513 900 988 990 emergentibus
1030 903 1142 994 yel
1179 897 1446 980 petendi
1467 902 1719 967 consilii
1754 943 1779 982 ,
1829 905 1941 967 vel
1982 903 2368 984 expediendi
2410 905 2657 990 negotii

249 996 436 1063 causa
462 1034 486 1071 ,
513 995 626 1057 vel
656 993 848 1053 etiam
873 983 952 1048 ad
976 985 1124 1049 alias
1165 995 1384 1067 gentes
1423 1003 1457 1044 a
1481 987 1777 1049 Romana
1812 986 2178 1066 Republica
2202 989 2653 1068 mittebantur,

251 1080 335 1145 de
372 1077 610 1164 quibus
637 1073 846 1166 agitur
880 1066 947 1129 in
978 1067 1075 1132 tit.
1103 1062 1175 1129 ff.
1208 1065 1305 1159 de.
1326 1067 1629 1157 legation.
1659 1067 1722 1131 &
1749 1069 1908 1151 legati
1933 1092 2046 1131 cum
2082 1073 2427 1148 jurisdifflone
2447 1121 2464 1146 ‚
2499 1092 2655 1156 qua-

252 1167 348 1230 les
389 1171 572 1224 erant
599 1157 698 1220 ilh
730 1194 753 1232 ,
801 1150 1033 1234 quibus
1074 1147 1529 1213 administratio
1559 1147 2044 1226 provinciarum
2087 1150 2215 1216 fuit
2255 1153 2655 1234 demandata,

255 1260 335 1312 ut
366 1245 551 1308 vices
574 1237 767 1321 ipfius
793 1237 1060 1298 Senatus
1094 1231 1377 1297 Romani
1410 1230 1817 1311 supplerent,
1860 1233 1923 1297 &
1950 1232 2141 1297 instar
2151 1238 2533 1320 speculatorum
2562 1237 2659 1301 es-

256 1330 394 1396 sent
435 1365 463 1403 ,
521 1328 584 1394 &
633 1319 701 1384 hi
752 1315 1075 1382 ordinarie
1140 1324 1320 1379 erant
1381 1316 1725 1379 Senatores
1767 1354 1796 1392 ,
1847 1316 1910 1381 δε
1960 1321 1996 1378 a
2032 1316 2271 1383 Senatu
2312 1340 2465 1385 cum
2492 1323 2657 1386 Pro-

255 1409 526 1478 consule
547 1402 1014 1478 mittebantur,
1055 1398 1118 1463 &
1146 1397 1229 1462 de
1260 1397 1356 1462 his
1398 1396 1606 1480 agitur
1644 1398 1712 1462 in
1741 1398 1840 1462 tit.
1872 1395 1942 1462 ff.
1991 1397 2073 1462 de
2110 1402 2307 1466 Offic.
2341 1405 2661 1471 Procons.

258 1497 324 1562 ὅτ.
350 1490 539 1578 legati
554 1488 663 1573 (a)
749 1487 1010 1547 Horum
1046 1480 1241 1565 igitur
1266 1478 1528 1570 vestigia
1553 1481 1758 1546 secuti
1783 1481 1927 1546 sunt
1947 1484 2301 1549 P÷÷1“tifices
2321 1526 2344 1563 ,
2369 1507 2534 1570 quos
2551 1510 2662 1551 an-

258 1573 653 1661 tiquioribus
681 1564 1082 1646 tenporibus
1114 1564 1382 1644 triplicis
1415 1564 1666 1648 generis
1686 1567 1931 1648 legatos
1960 1565 2188 1631 mifiss'e
2216 1570 2469 1635 scimus·
2513 1573 2664 1639 Ali-v

262 1655 526 1746 quando
585 1650 924 1718 mittebant
966 1652 1214 1732 legatos
1264 1645 1398 1709 fine
1434 1649 1570 1710 ulla
1606 1646 2062 1727 jurisdifftione
2118 1651 2197 1716 ad
2256 1673 2463 1717 unum
2504 1657 2664 1718 alte-.-

265 1739 548 1825 r'umque
596 1733 933 1818 negotium
972 1730 1157 1811 juxta
1210 1748 1500 1793 normam
1537 1728 1815 1796 mandati
1848 1770 1873 1810 ,
1913 1750 2051 1815 quo
2108 1733 2399 1802 instructi
2442 1755 2671 1819 erant,

268 1817 749 1908 expediendum
782 1855 807 1894 ,
870 1834 966 1890 ea,
984 1817 1129 1898 lege
1155 1853 1178 1891 ,
1222 1825 1297 1876 ut
1335 1813 1602 1896 negotio
1653 1812 1840 1892 juxta
1878 1814 2043 1880 fines
2102 1817 2379 1883 mandati
2413 1861 2438 1899 ,
2498 1843 2671 1906 quos

271 1906 598 1978 excedere
649 1897 825 1964 nefas
872 1907 1006 1959 erat
1042 1936 1070 1974 ,
1122 1892 1431 1976 expedito
1475 1894 1555 1959 ad
1599 1897 1992 1961 Pontificem
2031 1915 2559 1970 reverterentur:
2606 1909 2671 1974 ἅτ

272 1993 342 2057 hi
384 1996 566 2055 erant
599 1980 762 2046 meri
803 1977 978 2062 quasi
1026 1987 1344 2042 Executores
1385 1977 1838 2043 Mandatorum
1872 1981 2264 2062 ,Poontificis
2302 2025 2326 2064 ,
2384 2006 2673 2071 quorum

270 2073 479 2138 varias
512 2063 754 2149 species
779 2072 1109 2128 enumerat
1136 2063 1368 2125 Petrus
1403 2060 1486 2124 de
1511 2064 1729 2127 Marca
1757 2061 1897 2147 (b)
1926 2101 1950 2142 ,
1985 2065 2048 2129 &
2077 2065 2530 2136 ThomasmuS.
2555 2074 2672 2160 (c)

264 2160 420 2223 Huc
437 2149 765 2235 pertinent
789 2143 1053 2228 Legati,
1095 2163 1263 2226 quos
1288 2144 1645 2209 Pontifices
1672 2144 1751 2209 ad
1777 2149 1982 2211 Aulas
2009 2151 2519 2234 Imperatorum,
2551 2159 2681 2243 Sya

265 2237 483 2303 nodos
510 2230 925 2313 particulares
941 2265 968 2302 ,
1007 2226 1071 2316 ὃς
1095 2225 1466 2304 provincias
1490 2226 2052 2306 expediendorum
2076 2235 2372 2317 negotioi
2382 2256 2495 2302 um
2518 2259 2668 2306 cau·

266 2322 371 2397 sa,
413 2315 594 2382 nulla
612 2324 830 2375 tamen
845 2305 1301 2400 jurisd18tione
1329 2308 2051 2392 instructos‘miserunt,
2095 2313 2186 2379 fic
2217 2310 2276 2381 e.
2296 2337 2355 2403 g.
2382 2321 2666 2417 Legatos

270 2398 439 2469 misit
484 2392 692 2483 Julius
733 2390 811 2454 ad
851 2391 1215 2484 Qnentales
1257 2389 1326 2453 in
1370 2389 1553 2456 causa
1591 2392 1652 2456 S.
1679 2391 2042 2473 Athanafii,
2086 2409 2163 2461 ut
2193 2398 2271 2463 ad
2296 2397 2669 2475 Concilium

274 2478 709 2549 convenirent
728 2513 753 2553 ,
796 2471 1099 2537 L1ber1us
1128 2471 1207 2536 ad
1239 2474 1729 2538 Constantinum
1759 2476 2265 2560 Imperatorem,
2308 2498 2384 2550 ut
2414 2506 2669 2557 novum

275 2561 651 2632 Concilium
678 2553 1014 2643 Aquilejae
1041 2556 1505 2622 celebrandum
1542 2574 1978 2639 convocaret,
2026 2561 2327 2631 Zosimus
2360 2568 2437 2632 ad
2459 2574 2669 2666 Syno-

274 2649 431 2713 dum
450 2636 1041 2725 Carthaginensem,
1083 2649 1160 2702 ut
1184 2640 1545 2722 appellationes
1568 2646 1938 2708 transmarinas
1955 2644 1995 2728 ζ
2010 2643 2102 2727 d)
2126 2667 2206 2711 ur
2247 2664 2429 2716 erent
2443 2693 2468 2734 ,
2493 2655 2668 2722 1dem

276 2729 604 2814 Zosymus
644 2724 708 2789 S.
734 2723 805 2787 A
997 2720 1181 2816 'num
1208 2722 1277 2815 in
1307 2722 1788 2802 Mauritaniam,
1832 2736 1907 2790 ut
1936 2729 2176 2812 quibus
2226 2753 2324 2797 am
2354 2737 2553 2802 causis
2591 2742 2670 2803 fi-

278 2832 432 2879 nem
451 2810 822 2889 imponeret
900 2822 962 2869 c.
1046 2806 1186 2870 Aln
1212 2815 1451 2870 iterum
1473 2817 1650 2870 erant
1669 2807 1931 2892 Legati,
1955 2831 2124 2894 quos
2141 2816 2492 2884 Pontifices
2513 2842 2667 2890 cum

277 2891 599 2980 potestate
620 2882 1090 2981 Jurisdistionis
1119 2887 1429 2953 miserunt
1461 2888 1539 2952 ad
1568 2891 1861 2955 Concilia
1885 2895 2256 2978 Generalia,
2279 2913 2354 2965 ut
2382 2901 2668 2985 ipsorum

283 2977 551 3046 nomine
574 2972 885 3038 Concilns
907 2989 1059 3034 cum
1082 2971 1509 3057 praerogativa
1526 2970 1802 3058 suffragii
1826 2974 2262 3061 informativi,
2292 2976 2670 3068 proponen-

280 3062 384 3143 di,
427 3052 802 3131 referendi,
845 3051 909 3118 &
934 3049 1248 3148 dirigendi
1280 3055 1655 3137 praeessent,
1673 3078 1876 3142 quum
1907 3063 2160 3126 nullum
2189 3065 2496 3141 hastenus
2523 3073 2669 3140 fue-

280 3147 368 3214 rit
398 3140 797 3210 celebratum
838 3136 1245 3220 Concilium,
1291 3137 1401 3205 cui
1439 3158 1576 3202 non
1617 3139 1972 3207 Pontifices
1996 3148 2106 3210 vel
2129 3166 2247 3228 per
2270 3150 2374 3233 se,
2414 3174 2534 3221 ver
2555 3177 2672 3238 per

1422 3225 1488 3308 Q
1530 3238 1570 3289 2
2519 3240 2669 3312 suos

283 3365 369 3436 (ι)
407 3362 515 3446 Vici.
537 3359 746 3413 Boehmet
765 3359 824 3412 ad
854 3359 950 3411 Tio.
979 3358 1038 3412 de
1061 3364 1214 3430 Legna
1246 3364 1402 3414 Penus
1422 3364 1479 3416 de
1509 3368 1664 3419 Marta
1684 3363 1760 3418 lib.
1786 3381 1836 3435 ς.
1861 3368 1920 3420 de
1942 3367 2178 3426 concord,
2200 3373 2280 3439 ηδ.
2302 3393 2457 3448 bn?-
2478 3397 2524 3435 ¹·

279 3435 372 3502 (b)
406 3434 503 3483 nb.
533 3448 580 3492 ς.
603 3433 659 3478 de
678 3429 912 3479 Concord.
935 3445 1036 3494 cap.
1059 3447 1121 3484 ι.

282 3506 364 3568 (ς)
398 3507 514 3552 Part.
550 3514 593 3547 ι.
622 3499 698 3545 hb.
720 3515 762 3545 2.
790 3513 887 3561 cap.
910 3511 1026 3558 117.

284 3571 389 3637 (ὁ)
420 3566 886 3641 DeAppellationibm
903 3566 1233 3646 transmarinis,
1249 3580 1366 3646 ’qu-2⁸
1395 3567 1603 3619 Zosimus
1627 3584 1860 3641 tantopere
1884 3573 2067 3640 urgebat
2083 3608 2101 3635 ,
2135 3578 2269 3644 plura
2288 3579 2480 3632 diximus
2505 3588 2552 3636 in
2573 3603 2662 3639 no·

420 3634 506 3687 fin
531 3632 704 3699 Disput.
717 3636 756 3681 1.
769 3647 871 3700 cap·
888 3649 933 3697 3.
959 3636 1002 3683 δι
1018 3635 1141 3701 plura
1157 3635 1262 3686 alibi
1279 3638 1496 3688 dnoemuv.
