2970 3918
983 164 1096 239 De
1126 159 1476 271 Hieracbia
1503 155 1928 255 Ecclessfflica.
2495 127 2620 239 103

244 322 382 384 lem
413 313 839 383 reddiderunt
864 354 886 392 2
914 331 1150 396 nempe
1181 315 1309 395 ipsa
1340 317 1592 399 Dignitas
1625 313 1899 376 senatoria
1929 322 2062 373 non
2083 303 2363 393 vulgaris
2378 343 2403 383 2
2422 321 2625 368 non...

240 400 608 467 communis
639 438 666 477 ,
706 395 815 460 sed
850 394 1037 459 valde
1083 398 1372 462 eminens
1406 436 1429 474 2
1477 396 1540 459 &
1578 405 1841 458 eatenus
1883 391 2209 478 fingularis
2233 430 2260 470 ,
2302 398 2621 473 quatenus

242 485 429 549 fuere
455 482 663 547 intimi
696 477 1247 563 quafiv00nfi1iarii
1270 477 1548 560 supremi
1580 475 1894 558 Principis
1929 472 2351 542 Ecclefiastici
2366 510 2391 549 2
2422 488 2619 555 quem

240 571 308 634 in
334 565 640 651 regimine
666 558 1053 626 Universalis
1084 561 1396 624 Ecclesiae
1413 560 1481 622 in
1505 559 1707 627 causis
1731 560 2233 644 quibuscunque
2258 576 2340 620 ex
2355 557 2623 618 univer-

238 652 307 713 so
338 653 496 712 orbe
524 641 863 708 Catholico
887 638 968 704 ad
990 640 1196 721 ipsum
1227 642 1451 706 delatis
1477 661 1606 724 ope
1632 641 1694 707 &
1718 641 1992 707 consilio
2011 640 2358 722 juvabant,
2404 639 2493 720 jus
2524 637 2620 710 eli·

230 736 386 815 genai
446 728 741 802 Pontificem
794 762 819 800 2
879 742 954 786 ac
1003 723 1131 803 ipsa
1152 728 1269 805 sors
1323 728 1563 808 prospera
1599 765 1624 802 ³
1687 744 1815 808 qua
1848 723 2094 790 fastum
2130 723 2222 788 est
2249 763 2274 803 2
2330 730 2411 783 ut
2442 718 2619 782 Pom·

166 831 169 833 ’
233 811 512 876 tificatus
545 803 958 870 communius
990 805 1107 872 uni
1147 823 1229 868 ex
1265 806 1398 869 hoc
1423 806 1725 891 Collegio
1757 807 2082 891 obtigerit.
2114 805 2222 892 (a)
2267 807 2485 890 Quare
2500 798 2622 869 mi-

236 913 384 956 rum
409 888 620 952 videri
658 905 808 980 non·
829 886 1023 951 debet
1048 928 1074 966 7
1103 887 1287 972 quod
1318 886 1580 971 quidam
1608 889 1800 954 etiam
1820 889 2124 971 Episcopi
2148 891 2346 953 Clero
2376 887 2624 950 Roma-

234 995 324 1037 no
351 970 617 1038 adscribi
645 969 999 1058 ambirent,
1043 969 1196 1034 ideo
1238 969 1511 1035 fortaffis
1535 1008 1560 1048 ,
1597 982 1675 1035 ut
1700 990 1784 1036 eo
1821 972 2076 1039 felicius
2104 970 2185 1035 ad
2208 971 2624 1050 supremum..

236 1056 664 1125 Pontificatus
690 1052 939 1132 apicem
968 1054 1425 1118 elufitarentur.
1444 1051 1563 1135 (b)
1605 1053 1871 1118 Interim
1898 1074 1972 1118 ea
1999 1055 2205 1118 inerat
2230 1051 2453 1117 animis
2471 1051 2623 1115 Cle·-

236 1141 294 1203 ri
330 1137 615 1205 Romani
652 1135 1054 1211 moderatio„
1078 1135 1538 1216 temperantia,
1569 1137 1839 1220 aequitas
1858 1177 1882 1213 7
1915 1137 1976 1201 &
2009 1133 2347 1219 prudentia
2374 1175 2399 1213 ,
2439 1144 2515 1197 ut
2539 1129 2620 1216 ad

232 1223 382 1288 suos
415 1228 782 1287 conventus
812 1236 996 1284 more
1022 1217 1287 1283 aliarum
1313 1216 1748 1283 Ecclessarum
1774 1219 2184 1283 communius
2201 1218 2452 1283 vicinos
2467 1215 2621 1297 Epi-

231 1307 465 1386 scopos
493 1302 841 1366 invitarent
867 1302 1090 1381 totieS,
1122 1299 1379 1388 quoties
1411 1300 1492 1367 de
1519 1301 1784 1447 negotio
1818 1299 2077 1380 majoris
2100 1302 2461 1379 momenti,
2486 1316 2620 1363 ma·-

228 1389 400 1454 xime
420 1405 584 1452 vero
611 1385 694 1448 de
719 1383 1022 1468 eligendo
1042 1425 1065 1465 9
1086 1385 1198 1451 seu
1218 1386 1435 1466 potius
1461 1402 1593 1448 con
1618 1381 1899 1456 ecrando
1922 1383 2247 1450 Pontifice
2269 1395 2402 1448 erat
2427 1399 2616 1467 agen-

230 1471 409 1537 dum.
430 1469 545 1615 (cg
599 1468 848 1533 Placuit
868 1468 1158 1533 successu
1175 1465 1501 1549 temporis
1516 1468 1708 1532 etiam
1733 1465 1877 1547 ipfis
1905 1465 2332 1534 Pontificibus
2351 1486 2472 1546 pro
2489 1479 2620 1527 ma-

226 1553 358 1634 jori
389 1565 496 1617 aut
545 1552 777 1616 oritate
808 1549 939 1614 suae
969 1549 1119 1615 Sedi
1146 1550 1553 1632 Apostolicae
1579 1549 1987 1616 concilianda
2011 1570 2148 1614 non
2171 1570 2316 1613 raro
2343 1547 2617 1612 invitare

229 1636 587 1717 Episcopos
613 1632 906 1712 vicinos2
938 1646 1014 1699 ut
1043 1636 1150 1699 vel
1184 1654 1404 1699 coram
1441 1633 1576 1714 ipso
1610 1633 1829 1700 divina
1858 1630 2259 1699 celebrarent
2292 1675 2314 1713 2
2360 1634 2472 1695 vel
2507 1648 2616 1694 ce-

229 1720 502 1786 lebranti
549 1715 894 1781 assisterent
919 1755 942 1794 2
974 1715 1041 1782 id
1078 1716 1259 1800 quod
1297 1728 1477 1780 tanto
1517 1716 1765 1780 facilius
1804 1716 2146 1798 impetrare
2172 1724 2613 1799 potuerunt..)

230 1816 472 1890 quanto
499 1798 703 1880 major
714 1797 1190 1882 Episcoporum
1222 1811 1356 1865 erat
1383 1799 1748 1865 reverentia
1777 1817 1924 1882 erga
1947 1799 2364 1877 Pontificem,
2380 1808 2615 1881 utpote

229 1905 429 1971 quem
455 1882 623 1949 haud
646 1882 825 1946 secus
853 1900 1045 1964 quam
1069 1880 1175 1945 alii
1196 1880 1498 1962 Episcopi
1530 1900 1666 1943 non
1693 1880 1898 1946 modo
1924 1893 2224 1966 tanquam
2253 1881 2438 1946 suum
2471 1883 2615 1944 Me·-

230 1968 608 2051 tropolitam
639 2004 663 2044 ³
688 1961 796 2029 sed
830 1962 1023 2027 etiam
1063 1961 1428 2026 patriarcham
1461 1962 1898 2043 suspiciebant.
1997 1965 2247 2031 Primus
2275 1963 2386 2049 qui
2424 1962 2488 2026 id
2518 1962 2613 2026 fe-

227 2054 318 2116 cit
342 2092 366 2130 2
407 2047 696 2115 creditur
724 2045 910 2110 fuiffe
939 2045 1294 2126 Stephanus
1326 2045 1450 2110 IV.
1479 2047 1594 2131 qui
1627 2045 1791 2112 teste
1813 2047 2143 2111 Anastasio
2163 2046 2470 2111 Biblioth.
2491 2046 2610 2130 (d)

220 2135 467 2214 septem
499 2129 846 2194 viciniores
876 2128 1237 2210 Episcopos
1267 2127 1609 2209 invitavit,
1648 2141 1723 2197 ut
1751 2129 2007 2225 singulis
2043 2128 2269 2196 diebus
2303 2129 2612 2193 Domini-

222 2219 314 2282 cis
353 2215 423 2281 in
455 2213 744 2287 Ecclesia
780 2214 844 2276 S.
882 2213 1230 2279 Salvatoris
1262 2210 1328 2275 in
1351 2213 1564 2277 Altari
1593 2215 1655 2279 S.
1694 2215 1872 2279 Petri
1911 2211 2127 2278 divina
2167 2211 2607 2292 celebrarent,

221 2317 473 2384 eosque
502 2297 746 2378 primus
777 2294 1043 2359 nomine
1068 2292 1444 2361 honorifico
1483 2295 1778 2359 cardinales
1812 2295 2156 2378 appellavit
2187 2296 2304 2378 (e)
2340 2318 2354 2360 z
2401 2314 2613 2361 nam...

223 2394 369 2448 ante
400 2381 544 2446 haec
582 2390 915 2461 tempora,
948 2376 1104 2442 licet
1142 2378 1209 2442 in
1230 2376 1516 2443 Ecclesia
1538 2378 1834 2442 Romana
1859 2380 2056 2442 essent
2082 2376 2444 2443 cardinales
2462 2388 2610 2443 Pres-

220 2468 426 2550 byteri,
454 2463 517 2528 δι
552 2467 780 2527 ὒὶασοηί
801 2509 818 2532 .
853 2462 1070 2526 nullus
1112 2470 1328 2527 tamen
1358 2472 1492 2522 erat
1519 2462 1685 2539 Episco
1726 2480 1783 2523 us
1809 2460 2100 2534 cardinalis
2131 2472 2374 2541 praeter
2398 2461 2604 2542 ipsum

222 2545 617 2616 Pontificem
652 2541 824 2612 haud
851 2545 1033 2609 secus
1062 2563 1253 2626 quam
1290 2542 1356 2607 in
1385 2542 1517 2611 aliis
1538 2543 1675 2608 Ecc
1703 2540 1875 2622 efiiS‚
1909 2541 1975 2605 in
2004 2541 2235 2627 quibus
2261 2543 2434 2608 solus
2449 2544 2605 2625 Epi-

220 2634 452 2712 scopus
477 2626 788 2693 Ecclesiae
810 2625 940 2705 suae
970 2637 1104 2690 erat
1128 2624 1434 2689 cardinalis.
1497 2626 1607 2689 Ab
1629 2643 1710 2688 eo
1737 2638 2033 2705 tempore
2061 2644 2295 2706 nempe
2321 2626 2492 2692 circa
2528 2627 2607 2692 fi-

222 2734 373 2778 nem
402 2716 565 2775 Saec.
588 2729 684 2775 104
710 2708 1015 2791 Episcopi
1038 2728 1191 2773 cum
1220 2707 1630 2794 Presbyterio
1653 2708 1989 2773 Pontificis
2015 2707 2082 2771 in
2106 2727 2312 2774 unum
2339 2712 2606 2775 coalue-

220 2815 294 2862 re
321 2790 692 2878 Collegium
714 2832 739 2871 ‚
769 2792 855 2860 ita
882 2804 957 2857 ut
986 2791 1291 2873 Episcopi
1321 2810 1457 2854 non
1488 2804 1734 2857 tantum
1757 2791 2055 2873 respefitu
2081 2790 2335 2856 suarum
2369 2795 2603 2859 Eccle-

220 2878 454 2943 fiarum
479 2915 504 2954 ι,
532 2893 764 2963 verum
792 2874 984 2941 etiam
1009 2874 1250 2940 intuitu
1270 2873 1580 2940 Ecclessae
1606 2874 2038 2942 Lateranenfis
2078 2874 2449 2940 dicerentur
2477 2882 2604 2961 Epi-

207 2965 355 3044 scopi
385 2960 702 3024 cardinales.
755 2957 1197 3024 Retinuerunt
1231 2956 1488 3026 interim
1528 2956 1594 3022 hi
1623 2957 1926 3042 Episcopi
1964 2959 2098 3023 suas
2145 2960 2604 3044 praerogativas

220 3144 297 3211 (a)
333 3145 390 3192 Et
401 3137 583 3201 quidem
606 3134 777 3185 conflat
797 3167 812 3194 ‚
842 3134 965 3199 quod
997 3134 1258 3199 plerumque
1295 3150 1409 3184 unus
1440 3150 1497 3185 ex
1532 3134 1744 3187 Dinonis
1768 3133 1903 3188 fuerit
1930 3137 2182 3204 asumptus.
2247 3138 2361 3190 Inde
2380 3140 2537 3192 consur
2568 3140 2605 3192 i·

367 3209 627 3259 eommunis
650 3205 722 3252 ἰΙΙι
752 3201 988 3252 difficultas
1017 3234 1034 3261 ,
1063 3219 1123 3253 an
1149 3204 1308 3268 aliquis
1335 3204 1561 3252 Diaconus
1580 3204 1696 3266 quast
1714 3218 1792 3267 poe
1810 3202 1966 3255 saltum
1993 3206 2049 3254 ad
2075 3207 2380 3275 Episcopatum
2405 3224 2502 3258 non
2546 3225 2600 3258 u-

351 3275 503 3338 sccpto
526 3274 640 3335 puin·
663 3269 966 3336 Puesbytemu
985 3268 1123 3322 fuerit
1146 3286 1406 3338 promotus,
1425 3268 1482 3319 de
1505 3285 1597 3337 quo
1612 3269 1703 3321 vid·
1718 3272 1908 3326 Francis.
1935 3274 2034 3341 Pagi
2061 3277 2200 3329 Τοω.
2222 3289 2269 3332 1.
2291 3277 2341 3329 in
2362 3278 2451 3331 viga
2470 3274 2599 3329 sabfi.

349 3344 473 3393 niani
494 3346 625 3391 Pom.

214 3409 297 3481 (b)
332 3412 439 3463 vid.
453 3403 658 3457 Thomts.
678 3407 817 3457 Tom-
838 3420 878 3454 1.
896 3403 971 3453 m).
988 3421 1039 3456 z.
1058 3421 1162 3472 “P-
1182 3423 1203 3469 5
1220 3422 1236 3455 ι
1250 3439 1266 3455 .

218 3482 292 3541 (ο)
325 3486 457 3543 Juxta
487 3490 658 3525 morem
689 3487 851 3538 nempe
875 3475 1143 3540 antiquum,
1174 3473 1317 3542 iuxta}
1328 3488 1464 3543 quem
1490 3485 1650 3524 omne·
1674 3470 1875 3542 Episcopi
1894 3475 2297 3547 Conpmviflciglg.
2322 3477 2382 3533 gd
2405 3476 2594 3535 dgffig.

355 3563 460 3596 nem
486 3543 667 3593 fuerunt
685 3540 983 3594 commodi.
1602 3571 1610 3580 Ι

224 3612 302 3681 (ἃ)
334 3619 476 3668 Ριοιιι
486 3610 623 3667 :efen
645 3609 845 3663 Thomu
867 3611 1007 3678 Ten,
1028 3625 1078 3678 ¹!
1103 3609 1183 3667 ub.
1199 3627 1249 3665 z.
1273 3625 1372 3681 cap.
1397 3625 1479 3679 5¹·
1535 3608 1615 3679 (e)
1648 3607 1845 3678 widona
