2970 3918
303 215 445 283 104
1095 180 1098 182 ’
1129 183 1325 276 Caput
1356 185 1440 258 11.
1493 193 1562 275 5.
1604 186 1694 257 V.

299 350 363 412 &⁴
394 338 901 426 praeeminentias
929 347 1074 398 ante
1101 334 1466 398 Cardinales
1495 334 1919 422 Presbyteros
1942 335 2379 406 &Diaconos
2407 379 2430 418 9
2458 359 2674 431 neque

298 430 396 492 his
429 448 509 490 ex
533 428 648 488 hac
675 419 1154 485 consociatione
1193 415 1432 512 aliquid
1474 416 1789 502 dignitatis
1834 421 1896 486 &
1929 419 2251 502 proedriae
2293 422 2476 502 supra
2518 427 2678 487 alios

297 512 652 591 Episcopos
682 501 954 566 accessi-t.
1042 501 1345 566 Successu
1370 503 1676 582 temporis
1699 502 1980 589 denique
2002 503 2240 570 fastum
2271 504 2362 567 est
2381 545 2404 583 9
2431 516 2506 568 ut
2526 507 2677 571 Car,-

299 595 537 656 dinales
567 585 930 669 Presbyteri
961 585 1021 649 &
1045 584 1329 647 Diaconi
1364 583 1444 646 de
1475 585 1662 650 radiis
1693 588 2054 669 Episcoporum
2090 587 2443 651 cardinalium
2484 587 2677 668 partie

298 677 583 754 ciparent
608 710 631 747 9
660 686 1023 751 eorumque
1045 666 1412 751 Collegium
1437 668 1621 748 supra
1650 668 2017 752 Collegium
2039 667 2512 749 Episcoporum
2547 673 2680 732 ele—

296 769 575 820 varetur.
595 753 702 836 (a)
746 755 844 815 Ex
874 750 969 814 his
986 749 1114 830 jam
1142 749 1632 814 manifestissime
1651 751 1712 814 se
1740 750 1962 834 prodit
1981 753 2187 835 Origo
2209 753 2674 817 Cardinalium:

296 834 403 903 aut
437 838 609 901 enim
637 835 922 920 iqui-mur
961 833 1042 898 de
1071 832 1751 922 nomine-cardinalium
1781 846 1887 899 aut
1927 830 2009 899 de
2043 833 2349 918 dignitate
2376 835 2675 899 Cardina-
2708 858 2735 916 j

293 922 429 987 litia
456 917 887 984 Cardinalium
913 917 972 982 S.
995 919 1080 982 R.
1097 920 1172 982 E.
1202 914 1511 979 hodierna
1543 919 1571 979 ’ἐ
1611 915 1768 980 item
1791 918 1901 980 vel
1925 916 2008 979 de
2040 916 2474 982 Cardinalibus
2493 922 2677 985 Pres-
2716 916 2719 921 “

290 1003 536 1088 byteris
569 1003 629 1066 δε
655 999 1006 1078 Diaconis9
1039 1003 1152 1063 vel
1175 999 1506 1080 Episcopis
1537 1002 1564 1062 ’ἐ
1603 998 1651 1061 si
1687 998 1766 1061 de
1796 999 2059 1062 nomine
2087 1003 2432 1084 loquamur
2454 1042 2478 1080 9
2517 1021 2675 1065 con-

293 1088 410 1152 stat
441 1107 521 1150 ex
548 1083 731 1148 dietis
758 1124 781 1160 9
803 1082 985 1167 quod
1007 1103 1247 1148 nomen
1282 1081 1709 1144 Cardinalium
1736 1083 1892 1144 olim
1914 1080 2112 1146 fuerit
2135 1082 2471 1163 proprium
2496 1087 2679 1148 Pres-

285 1169 535 1257 byteris
570 1168 629 1232 δι
655 1166 1346 1231 Diaconismatriculae
1370 1163 1620 1227 suarum
1648 1163 2080 1229 Ecclefiarum
2115 1163 2518 1230 incardinatis
2546 1207 2569 1245 9
2614 1168 2676 1231 δε

288 1254 503 1318 'cuivis
531 1252 855 1331 Episcopo
895 1248 972 1312 ad
1002 1249 1265 1314 titulum
1296 1248 1427 1310 suae
1455 1245 1766 1312 Ecclesiae
1791 1245 2126 1326 ordinato9
2151 1248 2310 1332 quin
2336 1259 2547 1313 tamen
2577 1251 2675 1314 ul.-

294 1341 394 1400 lus
421 1335 578 1398 alius
606 1334 965 1413 Episcopus
991 1340 1229 1413 praeter
1270 1333 1644 1394 Romanum
1692 1331 2082 1394 Pontificem
2115 1332 2182 1394 in
2222 1331 2508 1396 Ecclesia
2537 1335 2679 1396 Ro·-
2724 1360 2729 1365 -

295 1439 477 1484 mana
501 1418 695 1481 titulo
731 1416 1018 1481 cardinalis
1047 1418 1269 1497 Episcopi
1291 1411 1367 1475 ad
1401 1414 1560 1475 Saec.
1591 1431 1799 1495 usque
1827 1433 1884 1496 9.
1909 1412 2107 1476 fuerit
2127 1413 2474 1498 insignitus,
2506 1415 2571 1479 Si
2596 1414 2678 1478 de

286 1502 600 1586 ‘dignitate
628 1504 1007 1582 loquamur,
1035 1495 1294 1559 diffiteri
1326 1515 1460 1557 non
1495 1494 1826 1575 poffumus
1854 1536 1876 1573 9
1930 1495 2112 1578 quod
2142 1496 2434 1581 singulari
2474 1496 2678 1583 digni-

291 1588 437 1649 tatis
468 1581 810 1647 eminentia
848 1579 1150 1644 claruerit
1184 1581 1409 1642 Clerus
1437 1578 1771 1641 Romanus
1799 1617 1822 1654 9
1877 1580 2074 1662 longe
2105 1579 2342 1643 minori
2380 1593 2675 1658 tamem,

298 1688 489 1753 quam
538 1666 750 1729 eidem
799 1662 1049 1726 accessit
1093 1682 1173 1724 ex
1214 1657 1403 1723 radiis
1454 1660 1673 1723 alienis
1705 1702 1727 1737 9
1769 1674 1935 1744 quos
1962 1663 2102 1724 t'um
2127 1663 2202 1725 ab
2250 1663 2583 1743 Episcopis
2613 1662 2679 1726 in

294 1752 469 1814 idem
503 1769 652 1812 cum
681 1745 824 1827 ipfis
876 1744 1244 1828 Collegium
1290 1743 1681 1807 coeuntibus
1717 1744 2038 1807 mutuavit
2069 1785 2092 1823 9
2139 1755 2278 1808 tum
2314 1746 2428 1827 ips1
2459 1747 2684 1811 Ponti-

294 1834 449 1895 fices
480 1827 878 1914 indulgendo
908 1836 1010 1890 tot
1041 1826 1155 1889 insi
1201 1844 1312 1888 nes
1337 1825 1667 1889 honorum
1696 1826 1922 1889 titulos
1954 1867 1976 1906 9
2017 1827 2350 1908 proedrias
2383 1869 2407 1907 9
2439 1828 2582 1908 jura
2617 1829 2679 1894 &

295 1913 630 1998 privilegia
659 1930 849 1997 quam
877 1909 1122 1975 liberali
1197 1927 1302 1972 me
1338 1908 1405 1970 in
1443 1909 1648 1990 ipsum
1688 1907 2138 1988 dispensarunt.
2240 1914 2468 1996 Itaque
2501 1924 2577 1977 ut
2610 1911 2677 1974 in

295 1995 758 2075 compendium
787 1991 1143 2075 redigamus
1181 1988 1426 2054 omnia:
1469 2009 1709 2053 nomen
1739 1989 2172 2058 Cardinalium
2215 1993 2306 2058 est
2331 1993 2676 2080 antiquissi—

297 2100 478 2145 mum
507 2119 529 2156 9
555 2079 621 2140 in
648 2082 842 2157 longe
873 2078 999 2139 alio
1037 2086 1252 2137 tamen
1279 2071 1498 2150 sensu9
1535 2091 1726 2158 quam
1754 2073 1943 2136 habet
1970 2073 2188 2138 hodie.
2279 2079 2495 2140 Fuere
2527 2081 2678 2144 Car-

299 2163 539 2227 dinales
571 2165 700 2223 tam'
721 2157 1094 2241 Presbyteri
1119 2157 1180 2221 &
1214 2156 1499 2220 Diaconi
1525 2173 1716 2238 quam
1747 2154 2051 2238 Episcopi
2077 2197 2102 2235 9
2137 2155 2246 2220 sed
2270 2178 2405 2222 non
2440 2159 2568 2223 fuit
2605 2160 2680 2221 il-

298 2245 494 2310 lustre
521 2242 885 2324 Collegium
909 2238 1337 2304 Cardinalium
1359 2239 1420 2300 S.
1436 2241 1522 2303 R.
1544 2241 1622 2304 E.
1650 2257 1734 2300 ex
1750 2237 1846 2301 his
1876 2240 2174 2303 omnibus
2200 2240 2553 2307 conflatum
2580 2252 2684 2304 tot

296 2331 627 2392 honorum
660 2324 863 2386 titulis
895 2362 918 2399 9
959 2321 1410 2405 pr&rogativis
1434 2362 1458 2400 9
1486 2321 1548 2385 &
1573 2319 1925 2405 privilegiis
1951 2320 2213 2405 insigne.
2315 2324 2682 2407 Presbyteri

298 2409 665 2475 Cardinales
696 2407 761 2469 in
792 2405 971 2469 Urbe
1018 2406 1313 2470 Romana
1344 2417 1491 2468 ante
1520 2405 1683 2469 Saec.
1713 2420 1811 2468 10.
1853 2405 2351 2469 numerabantur
2387 2417 2486 2482 28.
2527 2407 2684 2470 Dia-

297 2492 454 2559 coni
484 2488 860 2555 dicebantur
902 2485 1039 2566 illi9
1080 2487 1191 2572 qui
1228 2490 1500 2553 Diaconiis
1530 2506 1650 2568 per
1679 2485 1950 2571 singulas
1993 2487 2170 2552 urbis
2205 2499 2414 2568 partes
2451 2489 2686 2556 ereffis

299 2573 856 2659 praeficiebantur:
893 2582 1072 2634 erant
1096 2581 1310 2634 autern
1344 2576 1611 2635 Diaconiae
1643 2569 1804 2634 nihil
1848 2569 2021 2634 aliud
2053 2610 2076 2648 9
2130 2590 2319 2654 quam
2364 2573 2465 2653 pia
2545 2591 2682 2637 uae-

300 2661 444 2724 dam
467 2661 613 2722 loca
644 2654 720 2718 ad
754 2651 1025 2718 modum
1051 2652 1481 2735 Hospitalium
1510 2671 1632 2732 pro
1675 2650 1917 2716 alendis
1961 2653 2349 2734 pauperibus
2374 2695 2398 2734 9
2436 2655 2502 2717 vi
2551 2656 2680 2735 uis9

297 2740 560 2826 pupillis
578 2781 601 2818 9
631 2739 692 2803 &
720 2736 972 2800 senibus
1002 2735 1287 2800 instituta
1301 2776 1323 2814 9
1345 2735 1580 2819 quibus
1603 2733 1899 2815 adjunsta
1916 2745 2096 2799 erant
2121 2734 2418 2819 quaedam
2443 2739 2680 2802 Orato-

295 2828 423 2904 ria9
450 2825 511 2889 &
539 2823 637 2886 his
669 2820 928 2907 quidam
952 2818 1555 2899 praefeffi-Clerici9
1600 2817 1675 2880 ab
1714 2817 1811 2881 his
1842 2822 2104 2882 Diaconiis
2143 2818 2504 2885 Cardinales
2546 2828 2686 2885 Dia-

296 2913 413 2972 coni
448 2906 687 2970 vocati.
827 2902 1174 2984 Postquam
1200 2920 1365 2966 vero
1401 2898 1776 2979 hujusmodi
1819 2897 2051 2963 domus
2081 2900 2423 2982 hospitales
2461 2908 2682 2970 exole-

299 3001 535 3053 verunt
558 3031 581 3068 9
612 2987 761 3052 solis
799 2986 1057 3050 Sacellis
1080 2985 1142 3049 &
1162 2984 1477 3049 Oratoriis
1507 3002 1749 3046 nomen
1776 2985 2038 3046 Diaconiae
2062 2982 2363 3063 adhaefit9
2389 2986 2451 3051 &
2481 2988 2557 3063 ab
2583 2985 2680 3052 his

300 3076 526 3135 Diaconi
569 3072 715 3134 Urbis
745 3069 920 3133 disti.
963 3071 1175 3133 Porro
1211 3078 1422 3130 autem
1449 3066 1551 3127 hae
1581 3069 1847 3130 Diaconiae
1881 3083 1997 3144 per
2029 3068 2519 3150 quatuordecim
2545 3072 2686 3134 Rea

302 3155 524 3236 giones
548 3153 741 3218 Urbis
774 3149 1127 3215 distributae
1163 3158 1388 3226 erant9
1436 3159 1626 3232 atque
1662 3147 1812 3209 hinc
1853 3147 2148 3228 primitus
2185 3151 2469 3215 Diaconi
2505 3152 2682 3221 hisce
2731 3195 2740 3206 ⁴

304 3235 597 3317 praefecti
628 3234 1005 3299 dicebantur
1028 3231 1479 3316 primae‚secundae
1510 3230 1624 3305 &a
1654 3235 1929 3316 Regionis:
1974 3241 2033 3293 at
2058 3231 2340 3298 successu
2372 3238 2678 3317 temporis

308 3317 627 3401 antiquata
648 3318 764 3380 hac
796 3314 1223 3398 appellatione
1256 3313 1387 3378 dici
1419 3320 1759 3394 coeperunt
1807 3311 2143 3378 Diaco'nus
2170 3314 2360 3395 hujus
2388 3357 2410 3395 9
2456 3320 2566 3383 vel
2605 3319 2680 3382 ir

310 3400 436 3467 lius
475 3404 734 3464 Diaconiae
760 3420 821 3464 e.
841 3418 898 3484 g.
925 3400 987 3465 S.
1017 3396 1291 3465 Adriani
1314 3396 1434 3464 ὅτε.
1462 3406 1683 3464 utrum
1723 3394 1908 3481 origo
1935 3396 2368 3466 Cardinalium
2401 3400 2677 3485 figulari

337 3522 344 3528 .
2327 3513 2329 3515 ·
2583 3498 2681 3550 ter

315 3578 397 3648 (a)
428 3582 498 3628 De
522 3575 586 3627 his
611 3575 743 3627 fufius
772 3575 861 3641 agit
884 3575 963 3625 tit.
989 3573 1183 3626 Auber-
