2970 3918
347 165 414 235 ,6
1144 152 1346 243 Caput*
1370 149 1420 222 1.
1475 156 1547 236 5.
1585 144 1967 228 11265111.

356 302 630 371 effestus
661 302 942 367 exserant
976 323 990 364 ε
1078 317 1233 362 uare
1267 309 1555 361 naturam
1597 299 1804 361 Status
1842 295 2010 363 haud
2045 296 2568 382 i-nepteexprimi
2609 323 2729 387 pu·

356 400 447 454 tat
465 430 489 467 9
522 388 570 450 fi
594 386 842 450 dicatur
860 423 883 461 9
915 402 1048 466 quo
1126 383 1333 444 Status
1371 380 1446 442 fit
1475 400 1558 442 ens
1594 381 1792 443 morale
1803 383 2174 463 suppofitivum
2198 395 2412 465 propter
2434 389 2731 473 analogiam

355 492 469 534 cum
490 474 662 554 spatio
694 514 711 541 ,
751 485 887 527 non
918 462 1178 547 quidem
1199 481 1310 525 ens
1339 461 1709 542 primarium
1736 502 1758 540 9
1803 461 1910 525 sed
1948 461 2119 546 quali
2155 462 2596 532 secundarium
2626 481 2728 532 ut-

353 563 513 636 pote
539 550 670 612 aliis
696 547 949 610 entibus
987 544 1336 608 moralibus
1368 543 1745 607 substratum
1778 585 1801 622 9
1834 544 1981 628 quia
2021 565 2155 607 non
2186 545 2372 608 datur
2403 555 2585 610 Status
2613 570 2728 630 per

353 636 456 712 se,
493 635 552 696 δε
582 640 847 710 propter
874 626 937 689 se
963 666 986 703 9
1017 625 1125 689 sed
1148 637 1221 690 ut
1253 626 1504 689 caeteris
1532 626 1782 690 entibus
1809 630 1993 690 velut
2026 627 2453 697 substernatur
2472 670 2495 706 9
2523 649 2595 692 ea
2639 650 2726 694 ue

352 717 469 779 suo
503 710 703 774 modo
736 710 1058 774 sustentet.
1080 709 1189 792 (a)
1276 713 1442 772 Haec
1472 708 1760 792 quamvis
1788 709 2148 773 Heineccio
2179 709 2484 789 ridicula,
2514 732 2602 777 no
2651 713 2730 777 is-

350 815 480 882 que
507 792 650 872 ipfis
681 793 898 855 saltem
935 791 1120 855 nimis
1148 790 1465 855 subtiliter
1505 791 1567 856 &
1609 790 2061 869 Philosophice
2104 791 2270 857 dista
2300 796 2424 859 effe
2466 794 2729 860 videan-

347 891 492 954 tur³
521 873 939 938 nihilominus
963 873 1039 937 ad
1070 884 1354 937 naturam
1372 881 1546 937 Status
1565 871 1689 935 rite
1719 874 2160 954 explicandam
2186 877 2731 958 quamplurimum

350 960 571 1027 facere
621 958 929 1021 videntur
955 996 980 1034 9
1038 953 1279 1039 quippe
1338 974 1531 1039 quem
1565 954 1749 1020 aliter
1796 955 2143 1035 concipere
2178 976 2313 1018 non
2359 958 2728 1038 possumuS‚

347 1061 541 1128 quam
564 1059 679 1121 per
701 1038 973 1103 modum
1003 1037 1393 1102 conditionis
1431 1039 1542 1099 vel
1584 1037 1900 1119 qualitatis
1931 1038 1969 1122 ζ
1984 1056 2137 1102 cum
2171 1038 2338 1100 bona
2362 1041 2551 1102 venia
2576 1042 2726 1105 Phi-

343 1124 774 1203 losophorum
805 1120 935 1184 hoc
971 1121 1249 1184 termino
1282 1120 1377 1184 uti
1405 1119 1631 1203 liceat)
1672 1120 1914 1183 homini
1952 1117 2124 1204 quasi
2173 1118 2610 1186 advenientis:
2662 1124 2726 1189 &

346 1207 501 1276 ideo
522 1203 1016 1291 juris-Consulti
1041 1203 1118 1266 ad
1130 1203 1268 1267 Tit.
1287 1201 1367 1265 de
1394 1204 1571 1264 Statu
1594 1205 1791 1266 Hom.
1814 1205 2060 1280 Statum
2087 1203 2431 1267 corhunius
2451 1203 2724 1271 definire

342 1292 554 1357 solent
581 1328 606 1368 9
646 1283 827 1372 quod
860 1286 937 1348 sit
962 1284 1222 1360 conditio,
1244 1286 1333 1348 vel
1363 1284 1592 1367 qualitas
1620 1289 1822 1364 faciens
1847 1329 1867 1359 ,
1912 1298 1970 1347 ut
2003 1283 2160 1347 bomo
2207 1284 2303 1348 hoc
2328 1288 2417 1350 vel
2451 1289 2537 1350 illo
2563 1291 2723 1372 jure..

342 1383 547 1438 utatur.
605 1368 874 1434 Interim
913 1378 1016 1430 tot
1041 1365 1591 1431 circumferuntur
1631 1362 2043 1431 definitiones
2082 1366 2289 1430 Status
2326 1408 2351 1446 9
2390 1381 2464 1431 ut
2501 1369 2567 1432 in
2605 1389 2725 1432 nu-·

339 1473 599 1521 merum
636 1452 750 1515 vix
774 1450 924 1533 cogi
952 1452 1224 1512 valeant.
1321 1447 1670 1523 Dicamus>
1718 1448 1898 1529 quod
1928 1449 2136 1512 Status
2175 1448 2251 1511 fit
2292 1452 2517 1523 conditio
2545 1493 2568 1529 9
2612 1453 2724 1514 seu

346 1537 613 1621 qualitas
639 1532 896 1597 moralis
934 1550 1012 1593 ex
1041 1530 1362 1611 politione
1388 1529 1463 1591 ad
1495 1527 1694 1590 varias
1718 1548 1854 1606 res2
1885 1549 2032 1613 quae
2061 1530 2261 1608 ipsum
2288 1532 2722 1612 circumstant,

342 1618 652 1683 resultans
669 1655 692 1693 9
723 1614 1058 1706 variasque
1087 1613 1153 1675 in
1175 1611 1439 1674 homine
1458 1609 1866 1674 limitationes
1888 1611 2255 1690 producens
2281 1653 2302 1691 9
2341 1615 2574 1698 quibus
2604 1617 2724 1679 ho'-

341 1722 456 1768 mo
483 1700 560 1763 ad
588 1697 760 1762 varia
787 1696 1000 1760 officia
1031 1694 1353 1777 obligatur
1385 1732 1411 1771 9
1440 1691 1624 1754 fimul
1661 1691 1874 1756 eidem
1898 1693 2088 1756 variis
2111 1694 2240 1758 frui
2276 1695 2536 1780 Juribus
2563 1718 2723 1766 con-

339 1783 618 1847 ceditur.
640 1779 758 1862 (b)
846 1781 998 1841 Hoc
1028 1775 1164 1857 ipso
1199 1773 1370 1838 enim
1395 1814 1421 1852 9
1454 1772 1635 1857 quod
1667 1776 1876 1839 Status
1917 1774 2166 1840 homini
2196 1775 2489 1844 adveniat
2515 1823 2538 1861 9
2615 1802 2728 1847 ua-

340 1865 483 1930 litas
510 1859 965 1926 denominatur
990 1898 1014 1934 9
1048 1877 1265 1942 neque
1294 1857 1478 1920 aliter
1503 1855 1617 1935 ipfi
1652 1856 1956 1921 advenire
1983 1859 2234 1939 potest,
2278 1859 2392 1924 nifi
2421 1882 2501 1925 ex
2531 1883 2601 1927 re
2647 1883 2726 1929 us

337 1948 546 2027 ipsum
570 1939 1120 2021 circumstantibus
1150 1939 1264 2023 (c)
1285 1978 1308 2015 9
1353 1936 1530 2001 unde
1563 1939 1913 2003 neceffario
1937 1942 2135 2003 variae
2164 1942 2467 2008 resultare
2497 1946 2726 2010 limita-

340 2032 558 2094 tiones
586 2025 866 2099 debent,
905 2023 968 2086 &
1015 2023 1154 2098 hae,
1191 2021 1237 2082 fi
1268 2039 1418 2082 cum
1453 2017 1696 2084 effeEtu
1742 2022 1927 2115 loqui
1963 2023 2240 2085 velimus
2281 2064 2303 2100 9
2349 2027 2505 2108 quid
2550 2030 2724 2095 aliud

336 2110 714 2194 producunt
747 2102 1086 2167 nifi‘varias
1119 2102 1543 2184 obligationes
1574 2102 1636 2166 &
1672 2103 1887 2167 officia
1925 2147 1948 2186 9
1981 2125 2109 2170 una
2135 2116 2347 2171 tamen
2391 2108 2722 2180 hominem

338 2194 670 2260 variorum
701 2187 951 2274 Jurium
974 2186 1352 2269 participem
1379 2184 1691 2279 efficiunt.
1720 2185 1840 2270 (d)

1397 2356 1475 2463 ὅ.
1530 2354 1654 2446 111.

337 2525 719 2666 PRimaria
771 2519 1000 2590 divisio
1035 2530 1214 2589 Status
1245 2521 1427 2589 estin
1458 2526 1750 2590 naturalem
1771 2572 1788 2601 ,
1827 2523 1939 2601 seu
1953 2526 2114 2613 primi
2149 2528 2344 2602 eniam,
2375 2530 2720 2613 innatamque,

479 2616 540 2679 ὅτ
567 2614 632 2675 in
665 2612 864 2682 civilem
898 2653 917 2683 ‚
962 2608 1074 2671 seu
1099 2607 1468 2670 adventitium.
1562 2618 1747 2673 Status
1778 2610 2030 2671 naturalis
2061 2627 2095 2669 e
2177 2609 2284 2672 illa
2314 2610 2577 2696 qualitas
2613 2616 2720 2677 vel

335 2696 660 2772 conditio,
677 2707 824 2775 quae
842 2689 1173 2752 hominem
1196 2705 1332 2751 non
1362 2690 1625 2772 quidem
1650 2705 1730 2753 ex
1759 2685 1901 2768 ipfis
1928 2690 2208 2754 effentiae
2227 2692 2523 2758 humanae
2547 2694 2721 2775 prin-

334 2775 519 2863 cipiis
549 2819 575 2860 9
612 2791 929 2861 neque-ex
963 2771 1171 2836 libero
1197 2771 1461 2836 arbitrio
1488 2812 1511 2853 9
1553 2774 1660 2836 vel
1699 2769 1872 2840 fatto
1914 2773 2186 2855 proprio
2219 2774 2500 2842 hominis
2537 2817 2560 2856 9
2605 2777 2729 2842 sed

345 2949 431 3011 (a)
466 2952 576 2995 Loe.
600 2945 682 2993 eie.
2634 2879 2716 2924 ex

336 3016 443 3083 (b)
488 3015 571 3063 Vel
594 3013 713 3060 enim
725 3003 1054 3056 consideamus
1083 2999 1313 3054 hominem
1341 3002 1386 3054 in·
1402 3004 1524 3056 Statu
1556 3002 1744 3054 naturali
1781 2999 2021 3054 secundnm
2035 3006 2462 3070 corpus&euimam
2481 3028 2640 3074 ,prout
2658 3012 2712 3060 ab

479 3081 570 3144 ipso
599 3076 833 3127 conditore
862 3089 1029 3123 natura
1051 3072 1184 3123 habet
1205 3074 1460 3123 innumeras
1491 3074 1781 3132 limitationes
1807 3089 1861 3122 ex
1887 3088 2012 3138 parte
2049 3091 2139 3123 tam
2171 3080 2366 3139 corpori:
2392 3095 2522 3141 «ynam
2554 3083 2714 3130 anima

477 3165 517 3196 e.
537 3163 582 3208 g.
606 3145 812 3191 hebetem
835 3135 1114 3190 intellectum
1140 3172 1155 3198 ‚
1186 3148 1344 3202 corpus
1375 3141 1442 3189 v'el
1461 3142 1581 3189 necle
1605 3139 1877 3194 formatum,
1897 3143 1964 3189 vel
1991 3141 2284 3191 monstrosum
2306 3176 2320 3201 ‚
2343 3145 2409 3192 vel
2435 3149 2480 3194 in
2502 3151 2626 3195 Statu
2647 3150 2714 3194 ci-

474 3215 549 3261 vili
573 3243 588 3270 ,
609 3214 655 3259 δι
682 3210 841 3257 iterum
861 3207 1023 3258 substat
1050 3209 1175 3257 variis
1199 3207 1538 3263 limitationibus
1557 3210 1604 3257 &-
1627 3206 1786 3255 officiis
1809 3223 1826 3264 ς
1859 3200 1923 3257 est
1949 3210 2069 3257 enim
2099 3210 2166 3257 vel
2197 3210 2534 3275 paterfamilias,
2561 3213 2630 3264 vel
2654 3215 2710 3264 fi·

473 3280 558 3328 lius
579 3309 593 3336 ,
614 3276 798 3325 Maritus
814 3307 829 3333 ,
845 3272 1098 3332 Dominus,
1123 3275 1242 3323 Civis
1265 3269 1356 3325 &⁴:-
1390 3271 1523 3324 'Varie
1551 3273 1657 3322 inde
1682 3271 1882 3324 resultare
1898 3276 1993 3332 jura
2017 3276 2195 3326 aliunde
2215 3279 2384 3326 clarum
2408 3280 2491 3330 est.

338 3349 431 3418 (e)
469 3354 621 3397 Nemo
642 3342 771 3391 nobis
794 3343 901 3391 vitio
916 3356 1078 3402 vemt,
1107 3340 1198 3403 qud
1230 3341 1278 3390 in
1298 3341 1561 3391 definitione
1585 3343 1730 3389 status
1754 3343 1943 3390 nomine
1959 3345 2204 3408 qualitatis
2227 3361 2426 3399 utamur,
2472 3346 2593 3412 quod
2621 3363 2710 3397 no·

472 3429 580 3464 men
600 3414 646 3459 in
671 3405 886 3458 hodierna
903 3403 1176 3469 Philosophia
1193 3405 1308 3458 male
1325 3412 1395 3468 ‚de
1418 3409 1598 3475 quidem
1606 3412 1700 3467 jure
1724 3409 1884 3457 merito
1907 3410 2046 3460 audit.
2092 3413 2204 3476 Qsis
2226 3413 2346 3461 enim
2371 3413 2560 3475 ignorat,
2586 3414 2706 3477 quod

465 3483 523 3531 in
551 3477 726 3528 entibus
750 3472 988 3525 moralibus
1008 3472 1272 3524 definiendis
1291 3492 1446 3539 parum
1477 3471 1707 3541 scrupulofi
1735 3475 1819 3526 effe
1834 3474 2053 3528 soleamus
2068 3507 2086 3536 ,
2118 3482 2162 3528 δι
2190 3481 2406 3546 praecipue
2431 3484 2595 3547 Jutistae
2612 3499 2712 3534 am·

465 3546 676 3615 plioribuae
698 3541 929 3608 privilegiis
952 3542 1099 3606 quoad
1131 3541 1217 3591 boc
1247 3543 1489 3608 gaudeant.
2246 3562 2250 3565 ·

334 3622 363 3688 (
373 3618 437 3684 d)
475 3617 576 3668 Alia
595 3613 715 3666 euim
736 3609 834 3662 sunt
856 3605 1006 3662 officia
1027 3613 1075 3662 dt
1096 3614 1192 3673 iura
1213 3612 1428 3674 Domini,
1453 3612 1537 3663 alia
1560 3608 1691 3677 servi:
1717 3607 1804 3661 alia
1824 3612 1960 3662 Patris
1984 3641 2002 3674 ,
2039 3611 2120 3663 alia
2143 3613 2222 3664 filii
2241 3615 2333 3665 &c-
