2970 3918
1089 201 1205 277 De
1232 199 1416 278 Statu
1449 198 1737 292 Ecclefiaei
2510 218 2544 267 2
2557 218 2604 287 9

220 357 333 419 vel
362 353 638 418 maxime
689 352 864 417 inter
896 350 1211 416 Politicos
1253 353 1498 416 summa
1545 352 1909 416 animorum
1945 343 2374 412 contentione
2410 344 2601 430 agita-

217 450 348 501 tam
364 477 389 516 ,
430 435 754 500 undenam
774 451 1007 515 nempe
1033 437 1219 518 origo
1251 435 1516 498 summae
1542 431 1881 499 Potestatis
1908 431 1986 494 fit
2011 427 2394 507 derivanda,
2437 447 2598 492 num

219 522 617 598 Imperantes
647 534 788 579 eam
809 514 1175 581 immediate
1194 523 1230 579 a
1252 517 1449 579 DEO
1479 528 1779 603 tanquam
1806 511 2441 578 Authoreomnium·
2460 513 2596 574 Re-

216 600 804 680 rumpublicarum,
849 609 957 660 aut
995 596 1213 675 potius
1260 604 1295 660 a
1337 601 1588 677 populo
1623 597 2031 678 acceperint?
2114 592 2439 659 Hodierni
2467 596 2598 662 Po.-

223 682 387 745 litici
418 721 444 759 ,
486 699 690 764 quum
719 677 844 740 suis
869 676 1273 758 Principibus
1313 679 1654 759 imperium
1686 680 2071 744 illimitatum
2090 718 2114 757 ,
2159 675 2222 742 &
2252 676 2600 740 incircum⁴

214 763 523 842 scriptum
551 761 620 823 in
656 758 872 824 omnia
899 759 1071 824 sacra
1103 760 1165 824 &
1183 760 1520 841 sprophana
1548 761 1917 839 vindicent,
1961 762 2024 826 &
2060 757 2323 824 subditis
2355 771 2599 841 praetet

213 847 490 910 ferream
525 841 872 921 obediendi
912 841 1350 907 necessitatem
1388 844 1500 906 vix
1535 844 1828 907 umbram
1865 844 2033 929 Juris
2064 842 2433 927 relinquant
2451 882 2477 920 ,
2518 841 2600 905 il·-

214 930 342 994 lam
373 925 745 992 immediate·
763 925 1013 990 aDEO
1042 925 1478 1009 (quamquam
1508 925 1654 989 alias
1697 926 1776 990 ad
1813 929 1990 1010 leges
2014 927 2176 990 DEI
2206 939 2478 990 aeternas
2500 943 2601 988 ra-

212 1010 347 1074 rius
363 1009 721 1095 confugere
743 1008 987 1072 soleant
1004 1009 1042 1092 )
1060 1006 1354 1072 derivare
1375 1006 1857 1072 consueverunt
1873 1051 1895 1086 ,
1916 1007 2254 1085 docenteS,
2283 1007 2462 1091 quod
2477 1026 2596 1087 po-

211 1092 399 1158 testas
436 1092 697 1174 Imperii
731 1089 1030 1154 imediate
1063 1091 1308 1154 aDEO
1335 1090 1402 1151 in
1438 1089 1765 1170 Principes
1799 1091 1996 1156 fuerit
2024 1093 2336 1155 translata.
2381 1088 2599 1170 Hujus

215 1175 544 1255 opinionis
571 1174 695 1239 effe
726 1173 930 1237 ferme
961 1192 1184 1236 omnes
1202 1172 1365 1237 DD.
1391 1172 1712 1236 Catholici
1739 1172 1950 1237 videri
1973 1173 2225 1253 possent
2245 1213 2270 1251 ,
2308 1173 2420 1256 qui
2439 1191 2598 1235 una-

214 1259 374 1322 nimi
402 1259 658 1322 calculo
703 1255 1019 1341 originem
1056 1255 1322 1319 summae
1358 1255 1695 1319 Potestatis
1735 1261 1769 1317 a
1798 1256 1994 1319 DEO
2029 1253 2414 1319 descendere
2445 1254 2599 1317 affe-

214 1356 368 1407 runt
385 1381 408 1420 ,
455 1340 536 1403 de
568 1339 803 1424 quibus
842 1337 1053 1401 videri
1090 1349 1379 1415 meretur
1407 1337 1675 1423 Magnis.
1709 1340 1779 1402 P.
1801 1337 2092 1402 Schmier
2127 1338 2195 1400 in
2226 1337 2333 1401 sua
2361 1335 2599 1424 Jurisp.

214 1424 400 1489 Publ.
421 1422 618 1488 Univ.
645 1421 777 1506 (a)
801 1421 916 1484 ubi
943 1421 1267 1507 ingentem
1287 1420 1668 1486 Do&orum
1687 1422 2032 1484 cohortem
2052 1423 2297 1504 allegat.
2384 1423 2600 1485 Porro

214 1520 466 1583 autem,
510 1505 562 1567 fi
592 1517 879 1568 mentem
909 1503 1147 1566 horum
1172 1503 1548 1567 Authorem
1583 1503 1869 1568 intimius
1902 1502 2416 1584 perscrutemur,
2461 1514 2600 1567 tan·

214 1600 355 1654 tum
393 1586 598 1666 abest,
640 1602 717 1651 ut
747 1585 1071 1667 principiis
1110 1584 1856 1651 Pseudo-Ponticorum
1886 1586 2233 1670 affurgant,
2273 1599 2348 1648 ut
2376 1584 2600 1664 potius

215 1672 291 1734 ab
317 1671 391 1734 iis
411 1690 603 1754 quam
627 1667 987 1753 longiffime
1009 1666 1335 1733 recedant.
1458 1669 1848 1735 Consulatur
1874 1669 2148 1748 desuper
2172 1677 2282 1733 cit.
2303 1668 2599 1747 Author,

214 1754 331 1819 ubi
368 1751 693 1836 distinguit
735 1752 904 1816 inter
938 1751 1292 1836 originem,
1338 1751 1400 1815 δι
1444 1751 1758 1816 αξὶυεΙειῃ
1796 1753 2217 1816 collationem
2260 1751 2599 1816 Potestatis

213 1835 524 1914 summae,
567 1837 742 1899 illam
795 1833 1160 1897 immediate
1202 1839 1235 1894 a
1276 1834 1496 1896 ΠΕΟ
1539 1833 1967 1912 descendere,
2012 1834 2175 1897 hanc
2229 1834 2599 1899 immediate

214 1917 398 1983 fuiss'e
426 1917 653 1982 fatiam
683 1919 934 1997 populo
951 1955 975 1992 ,
1014 1917 1076 1981 &
1102 1916 1176 1978 ab
1198 1915 1326 1977 hoc
1347 1916 1622 1979 ulterius
1643 1916 1710 1980 in
1736 1919 2162 1997 Imperatores
2186 1914 2373 1979 fuiss'e
2395 1926 2597 1997 trans·

211 2004 405 2066 latam
443 1998 833 2064 validissimis
881 1998 1112 2077 probat
1156 1997 1561 2081 argumentis,
1691 1999 1920 2082 Atque
1967 2000 2109 2063 haec
2149 1999 2240 2062 est
2277 1998 2596 2063 verissima

211 2083 522 2151 sententia
546 2081 840 2145 omnium
874 2081 1360 2144 Catholicorum
1392 2102 1407 2142 ε
1452 2101 1656 2165 quum
1684 2082 1856 2146 enim
1892 2083 2128 2148 DEUS
2154 2082 2230 2144 fit
2259 2082 2597 2162 primarius

211 2165 481 2232 Author
501 2184 722 2228 rerum
748 2163 1078 2240 omnium,
1124 2165 1771 2245 Rerumpublicaram
1789 2205 1813 2243 ,
1863 2165 2264 2230 Civitatuum
2288 2203 2311 2242 ,
2358 2164 2419 2229 δε
2449 2168 2600 2239 tSta-

213 2260 400 2311 tuum
436 2246 730 2310 omnium
761 2266 834 2308 ac
869 2245 1271 2328 fingulorum
1305 2267 1320 2307 t
1365 2266 1448 2308 eo
1477 2247 1614 2327 ipso
1648 2247 1986 2312 Potestatis
2017 2246 2459 2327 Imperatoriae
2488 2269 2598 2312 au-

213 2330 511 2407 thorem,
557 2329 621 2392 &
655 2327 862 2391 veluti
888 2326 1142 2390 fontem
1177 2328 1615 2410 Originarium
1646 2328 1831 2391 illum
1865 2332 2153 2394 revereri
2184 2332 2432 2392 neceffe
2469 2331 2597 2396 est:

214 2424 407 2495 atque
449 2412 578 2473 huc
616 2409 938 2490 pertinent
981 2409 1302 2472 innumeri
1343 2422 1597 2488 textuS,
1644 2429 1810 2494 quos
1841 2412 2178 2475 Authores
2221 2431 2300 2478 ex
2341 2413 2402 2478 S.
2428 2412 2598 2476 Scri·

212 2494 416 2576 pturis
448 2496 879 2577 agglomerare
907 2491 1116 2555 solent
1141 2492 1229 2575 (b
1247 2493 1300 2574 ).
1431 2492 1556 2557 Sed
1580 2503 1652 2555 ut
1676 2494 1882 2557 omnis
1905 2512 1964 2557 ae
2011 2493 2444 2557 uivocationis
2470 2514 2601 2558 am-

211 2577 478 2652 biguitas
530 2575 855 2653 evitetur,
909 2573 1038 2652 jam
1090 2575 1360 2638 ulterius
1417 2575 1874 2659 inquirendum
1932 2597 1967 2639 e
2038 2618 2061 2657 ,
2107 2576 2173 2639 in
2221 2595 2355 2660 quo
2412 2577 2596 2642 sensu

207 2651 442 2725 DEUS
477 2657 552 2720 fit
591 2657 861 2720 Author
901 2657 1238 2720 Potestatis
1283 2658 1595 2722 summae?

386 2743 572 2824 Age,
603 2751 927 2803 tentemus
952 2739 1192 2803 vadum
1223 2780 1245 2818 ,
1283 2741 1343 2805 &
1383 2740 1540 2824 quid
1572 2742 1759 2805 nobis
1789 2742 2122 2822 videatur,
2150 2742 2355 2806 libere
2387 2741 2597 2806 edica-

211 2841 375 2890 mus,
421 2821 657 2887 Omnia
674 2823 796 2886 effe
822 2829 856 2886 a
885 2823 1081 2887 DEO
1101 2834 1398 2905 tanquam
1420 2824 1607 2887 fonte
1629 2824 1972 2909 originario
1994 2845 2187 2889 nemo
2214 2825 2328 2888 nisi
2341 2825 2597 2891 Atheus

209 2925 292 2971 ne
337 2904 540 2968 averit
567 2926 584 2967 z
625 2903 734 2968 sed
754 2925 887 2967 non
915 2907 1129 2969 omnia
1164 2926 1249 2970 aec
1272 2907 1397 2970 uali
1429 2906 1631 2970 modo
1660 2909 1732 2970 ab
1767 2908 1896 2971 hoc
1927 2909 2113 2971 sonte
2144 2907 2420 2972 derivari
2452 2908 2596 2993 quis

209 3009 294 3053 ne
321 2985 740 3072 cit2quaedam
764 2931 1373 3072 imediate,quaedam
1394 3010 1526 3054 non
1543 2991 1653 3053 nisi
1680 2991 1955 3053 mediate
1977 2992 2177 3053 aDeo
2195 2991 2592 3071 procedunt,

212 3069 509 3156 quaedam
541 3074 576 3132 a
612 3069 805 3133 DEO
834 3069 1184 3149 jubentur,
1211 3072 1508 3155 quaedam
1539 3074 2006 3154 prohibentur,
2042 3074 2337 3156 quaedam
2363 3095 2594 3156 appro-

209 3154 494 3231 bantur,
540 3149 837 3238 quaedam
867 3154 1376 3235 permittuntur,
1414 3157 1478 3219 in
1523 3154 1904 3239 quibusdam
1940 3157 2175 3221 DEUS
2213 3158 2338 3242 agit
2380 3162 2590 3225 Gene-

1397 3240 1465 3303 D
1511 3256 1546 3320 3
2450 3241 2594 3321 rali,

209 3319 311 3382 (ι)
350 3318 443 3367 Lib.
461 3334 620 3382 neap.
638 3334 681 3369 ι.
697 3318 818 3376 sea,
838 3335 879 3382 3.
897 3323 934 3385 ς.
958 3335 1000 3370 ι.

211 3389 316 3455 (b)
356 3391 455 3435 Huc
481 3388 705 3449 pertinent
729 3402 877 3435 textu·
898 3387 1124 3442 sequentes
1146 3405 1162 3442 ε
1191 3403 1269 3451 per
1290 3406 1356 3438 me
1386 3392 1512 3452 Reges
1534 3402 1753 3456 regnant,
1787 3389 1837 3446 εἰ
1855 3395 2082 3455 principes
2108 3397 2350 3459 imperant.
2387 3395 2514 3450 Prov,
2540 3403 2588 3454 8·

343 3472 387 3501 v.
411 3469 427 3501 ι
445 3469 488 3509 5.
507 3457 551 3502 δι
573 3471 588 3502 ι
603 3458 648 3502 6.
697 3457 822 3501 Data
838 3453 893 3508 est
907 3455 1028 3502 §obis
1037 3455 1226 3515 potestas
1241 3460 1272 3504 d
1285 3462 1480 3506 Domino
1501 3491 1512 3513 ,
1535 3458 1586 3512 ὅ
1598 3464 1741 3507 Simas
1758 3462 1817 3507 ab
1835 3459 2067 3521 Altt'fflmo·
2105 3466 2207 3524 Sap.
2223 3467 2247 3510 6
2259 3494 2271 3510 .
2289 3479 2334 3511 v.
2351 3478 2402 3522 4.
2477 3464 2580 3508 Non

341 3519 400 3583 est
411 3519 597 3582 potestat
614 3520 702 3585 ulfi
712 3520 742 3568 α’
761 3525 880 3568 Deo
892 3551 907 3575 ‚
930 3539 1019 3584 qua
1038 3526 1301 3581 autemlunt
1314 3555 1328 3580 ,
1354 3524 1385 3574 ι’
1406 3529 1527 3575 0Εο
1538 3529 1756 3581 ordinata
1758 3532 1874 3597 sime
1883 3559 1901 3590 ,
1922 3538 2075 3598 mque
2091 3536 2172 3599 qui
2185 3527 2587 3598 relt'stitpotestatt',

346 3590 453 3639 DEI
466 3590 754 3646 ordinatione·
771 3587 945 3659 refissle·
982 3592 1120 3643 Rom.
1146 3608 1224 3657 ⁸3·
1242 3610 1283 3644 v.
1306 3608 1323 3642 ι
1336 3622 1351 3642 .
2002 3603 2012 3627 s
