2970 3918
912 175 928 209 ‘
1110 177 1232 272 ¹De
1265 189 1448 268 Statu
1482 190 1784 287 Ecclefiae.
2546 211 2594 279 9
2609 213 2635 265 ι

255 355 644 438 opinionum
670 390 695 429 9
735 344 797 415 δι
833 345 1268 414 doctrinarum
1293 346 1575 411 monstra
1600 341 1958 427 prodibunt
1998 341 2066 409 in
2095 341 2356 406 lucem?
2381 340 2645 426 impune

255 438 692 526 grassabuntur
716 429 983 495 haereses
999 470 1022 507 9
1045 427 1405 493 dummodo
1433 429 1662 495 statum
1681 427 2037 493 Politicurn
2064 444 2202 489 non
2215 425 2484 490 turbent
2497 427 2607 512 (a)
2622 473 2646 511 9

251 537 353 586 tot
390 531 580 584 erunt
601 513 1082 581 credendorum
1119 511 1467 592 formulae9
1511 523 1678 598 quot
1708 508 1901 575 sectae
1949 510 2010 574 δι
2057 507 2327 573 haereses
2362 549 2384 587 9
2435 514 2649 577 omnis

251 602 561 670 Ecclesiae
601 596 928 675 disciplina
952 592 1496 674 pessumdabitur,
1528 593 1746 659 omnia
1768 592 2002 677 susque
2037 589 2253 678 deque
2284 604 2648 664 vertentur.

253 689 432 752 Dein
508 679 771 746 norsum
801 677 869 740 in
891 675 1094 739 dubio
1116 676 1477 759 Religionis
1505 697 1627 757 pro
1649 676 1972 745 decisione
1993 675 2114 739 erit
2132 676 2600 754 recurrendum
2619 685 2650 748 ἒ

256 788 417 832 num
440 786 474 827 a
550 771 806 834 „coetum
843 763 871 823 ’ἐ
923 756 1032 821 sed
1060 757 1319 822 ubinam
1353 758 1641 824 Christus
1683 759 2015 824 Dominus
2055 756 2439 841 potestatem
2475 761 2654 829 deci·-

249 846 443 912 dendi
477 842 691 910 causas
722 840 881 907 fidei
907 839 1360 905 controversas
1390 840 1460 906 in
1488 855 1739 917 coetum
1765 842 2087 907 transtulit
2106 883 2128 921 9
2158 856 2266 908 aut
2305 845 2651 926 quomodo

247 927 537 1012 suffragia
566 926 769 991 totius
810 921 1123 989 Ecclesiae
1151 941 1270 1002 per
1297 924 1671 991 universum
1696 926 1924 989 orbem
1950 922 2199 989 diffusae
2217 945 2351 989 non
2382 927 2652 1011 quidem

246 1014 465 1089 virilia,
507 1009 656 1086 sed,
699 1006 962 1084 demus,
991 1004 1407 1068 solummodo
1445 1012 1647 1069 curiata
1685 1006 1964 1071 obtineri
2012 1013 2381 1089 poterunt?
2434 1011 2649 1079 forsan

248 1092 701 1178 appellandum
736 1090 859 1154 erit
899 1087 976 1152 ad
1030 1086 1402 1169 Principem
1429 1092 1462 1156 ἓ,
1501 1086 1608 1151 sed
1664 1089 1807 1173 quis
1847 1090 2053 1171 ipsum
2091 1092 2427 1156 constituit
2467 1094 2651 1182 Judi·

248 1197 394 1243 cem
419 1219 443 1256 9
474 1175 735 1240 ubinam
762 1172 1047 1237 Christus
1088 1171 1202 1234 vel
1238 1170 1438 1235 unico
1474 1171 1685 1236 verbo
1735 1173 2028 1256 regimen
2057 1172 2188 1239 suae
2230 1177 2542 1242 Ecclesiae
2579 1181 2647 1248 in

246 1260 578 1342 Principes
603 1256 968 1321 transtulit?
1008 1255 1057 1319 si
1092 1253 1306 1324 dicant
1331 1293 1355 1332 9
1396 1253 1579 1338 quod
1620 1253 1929 1336 Princeps
1975 1255 2084 1320 sua
2126 1264 2276 1342 Joera
2312 1265 2651 1344 Majeflatica

249 1341 508 1409 aliunde
534 1340 797 1417 habeat,
841 1337 1138 1423 Col-(egialia
1176 1356 1342 1400 vero
1382 1339 1608 1404 Coetus
1638 1337 1769 1418 ipse
1803 1337 2149 1403 transferre
2189 1344 2482 1422 potuerit
2518 1384 2541 1422 9
2589 1345 2653 1409 &

251 1437 563 1512 quantum
587 1421 686 1488 est
722 1441 803 1485 ex
845 1432 1025 1502 parte
1051 1419 1553 1487 Protestantium
1586 1418 1653 1485 id
1681 1420 1889 1505 ipsum
1927 1419 2005 1485 ad
2039 1422 2500 1497 eliminandum
2535 1430 2652 1492 Pa-

246 1523 469 1591 patum
490 1548 514 1586 9
543 1500 970 1570 uti‘scribunt
990 1544 1014 1582 9
1048 1503 1335 1567 voluerit
1366 1526 1381 1566 t
1426 1523 1628 1584 porro
1663 1515 1880 1570 autem
1918 1503 2242 1570 undenam
2280 1505 2424 1572 haec
2453 1524 2651 1590 pote-

246 1593 364 1658 stas
396 1587 730 1663 abdicandi
761 1628 784 1664 9
822 1586 1246 1650 transferendi
1282 1584 1428 1666 jura
1457 1607 1537 1650 ex
1570 1585 1980 1665 institutione
2007 1586 2225 1654 divina
2249 1599 2380 1653 tam
2414 1594 2645 1674 coetui9

247 1695 440 1770 quam
464 1670 803 1757 Apostolis
834 1712 857 1749 9
909 1670 1309 1754 illorumque
1338 1670 1801 1736 suecefforibus
1820 1674 2123 1746 concessa
2141 1673 2354 1737 Laicis
2384 1694 2653 1756 compe-

157 1807 163 1811 -
244 1771 326 1827 tlt
352 1762 381 1823 ’ἐ
419 1756 651 1822 demus
673 1795 697 1833 9
736 1751 919 1839 quod
945 1760 1228 1819 societates
1248 1751 1472 1816 liberae
1501 1773 1581 1817 ex
1602 1753 1810 1819 libero
1842 1754 2184 1822 hominum
2207 1757 2522 1823 consensu
2539 1759 2660 1824 ini-

248 1856 335 1906 tae
377 1841 485 1905 sua
502 1839 647 1920 jura
681 1837 749 1902 in
782 1853 1240 1920 quemcunque
1269 1837 1534 1899 tertium
1570 1836 1927 1902 &maxime
1968 1838 2036 1903 in
2060 1838 2417 1920 principem
2455 1853 2657 1909 trans·

246 1925 419 1989 ferre
445 1923 723 1987 valeant.
811 1919 1068 1983 Verum
1094 1935 1172 2008 an
1220 1916 1496 1997 idipsum
1529 1918 1595 1980 in
1634 1921 1958 1986 Societate
1992 1929 2028 1987 a
2054 1921 2309 1986 Christo
2351 1924 2654 1990 Domino

247 2006 533 2072 instituta
558 2003 748 2067 liceat
787 2041 810 2078 9
850 1999 1000 2079 jure
1039 2008 1246 2080 ptnno
1279 1997 1556 2063 dubitari
1595 2000 1808 2079 potest
1841 2025 1857 2073 ς
1902 2024 2067 2068 anne
2095 2003 2187 2069 est
2230 2004 2298 2070 in
2337 2008 2656 2087 potestate

246 2089 636 2155 inferiorum
678 2084 744 2147 in
785 2086 846 2148 le
891 2082 1032 2147 ibus
1067 2082 1492 2164 Superiomm
1533 2082 1889 2166 dispensare
1926 2090 1955 2152 ’ἑ
2002 2107 2167 2151 anne
2210 2089 2412 2154 licere
2443 2094 2655 2163 existi·

136 2247 138 2249 v
245 2189 491 2239 mamus
519 2187 813 2234 normam
939 2164 1420 2231 credendorum
1448 2207 1472 2246 9
1503 2165 1566 2232 &
1591 2168 1993 2253 agendorum
2023 2175 2058 2235 a
2086 2171 2339 2236 Christo
2363 2177 2654 2256 praescri-

245 2271 420 2337 ptam
443 2272 567 2335 pro
599 2251 716 2316 suo
747 2250 1012 2313 arbitrio
1055 2250 1325 2313 alterare
1346 2290 1368 2328 9
1399 2249 1739 2318 immutare
1757 2254 2102 2338 abrogare9
2121 2274 2363 2322 novam
2389 2260 2650 2332 regimi-

246 2340 342 2403 nis
380 2336 657 2400 formam
699 2332 1114 2414 praescribere
1143 2371 1165 2408 9
1221 2331 1704 2412 Apostolorum
1751 2336 2218 2402 success'oribus
2256 2338 2366 2403 sua
2396 2330 2541 2421 jura
2580 2345 2650 2408 vi

248 2426 287 2486 e
322 2417 610 2484 manibus
653 2425 1047 2498 extorquere
1079 2454 1101 2490 9
1142 2413 1203 2478 &
1241 2414 1306 2477 in
1343 2414 1491 2478 suos
1523 2415 1855 2498 Principes
1895 2418 2281 2486 transferre?
2323 2422 2371 2485 s1
2403 2425 2645 2506 dicant,

292 2500 429 2567 uod
455 2498 785 2565 necessitas
808 2538 831 2575 9
867 2516 1016 2582 quae
1060 2498 1270 2580 legem
1300 2517 1434 2562 non
1468 2496 1701 2578 habet9
1751 2500 2125 2582 hujusmodi
2167 2506 2653 2574 translationem

247 2529 507 2651 ffuaserit
537 2581 658 2668 (b)
683 2622 711 2665 9
755 2579 993 2662 idipsis
1028 2578 1342 2644 incumbit
1375 2581 1824 2664 probandum,
1869 2585 1932 2650 ὅτ
1962 2604 2081 2667 per
2115 2584 2280 2652 hanc
2322 2588 2515 2670 ipsam
2549 2612 2651 2656 re-

247 2667 657 2752 sponsionem
685 2663 749 2729 se
780 2663 949 2749 ipsos
987 2662 1232 2728 feriunt
1271 2685 1285 2726 ε
1330 2683 1532 2730 eccur
1561 2666 1733 2731 enim
1757 2666 1823 2731 in
1852 2668 2185 2751 Principes
2219 2672 2650 2755 praepotentia

245 2751 533 2829 virium,
561 2749 623 2815 &
655 2746 973 2831 potestate
1012 2744 1291 2841 cogendi
1325 2748 1612 2813 munitos
1640 2757 1749 2834 Jus
1777 2755 1827 2814 in
1846 2756 2000 2831 sacra
2039 2754 2361 2819 transferri
2397 2755 2648 2837 debuit9

248 2834 365 2900 nisi
390 2846 466 2898 ut
497 2830 783 2918 tyrannis
832 2830 1167 2914 pontific1a
1197 2871 1220 2908 9
1260 2844 1460 2910 prout
1489 2832 1663 2911 ajunt
1695 2874 1718 2910 9
1758 2833 2263 2914 supprimeretur
2289 2878 2312 2915 9
2365 2842 2652 2907 Ecclesia

250 2927 284 2984 a
320 2916 444 2981 suis
480 2914 684 2980 naevis
710 2924 1132 2999 purgaretur,
1164 2914 1419 2979 libertas
1462 2915 1998 2981 conscientiarum
2037 2918 2535 2988 restitueretur?
2573 2946 2654 2988 an

245 3021 385 3066 non
409 2994 549 3064 hoc
581 2997 786 3080 ipsum
821 2995 912 3063 est
940 2997 1282 3083 agnoscere
1320 3039 1342 3078 9
1384 2996 1564 3082 quod
1597 2999 1661 3063 in
1687 3000 1990 3086 ‚Ecclesia
2038 3003 2374 3068 necess'aria
2416 3006 2492 3070 s1t
2525 2998 2654 3091 for-

247 3105 334 3151 ma
367 3086 639 3169 Regiminis
667 3099 820 3144 cum
848 3080 1122 3162 imperio
1160 3080 1497 3160 conjunsti
1532 3123 1554 3161 9
1600 3082 1707 3145 sed
1734 3083 1870 3147 talis
1897 3123 1920 3161 9
1956 3087 2534 3166 qualemehristus
2562 3096 2657 3159 in-

248 3166 454 3236 stituit
489 3205 512 3246 9
569 3164 630 3230 &
679 3163 1159 3246 Apostolorum
1195 3164 1586 3233 successores
1638 3178 1783 3228 ante
1827 3178 2122 3249 tempora
2169 3170 2650 3245 reformationis

1447 3251 1524 3312 'M
1568 3266 1608 3314 2
2465 3279 2650 3326 exer-

250 3363 328 3432 (a)
368 3365 511 3422 Aiunt
542 3361 668 3411 enim
701 3357 1002 3410 Protestantet
1026 3392 1039 3418 ,
1065 3359 1187 3424 quod
1220 3375 1379 3410 omnes
1418 3359 1544 3409 sedi:
1589 3360 1674 3409 fint
1705 3359 1950 3411 tolerandae
1989 3378 2143 3430 practer
2166 3363 2302 3416 scobs
2337 3369 2652 3437 Atbeistarum,

390 3429 641 3481 Deistarum
664 3461 676 3485 ‚
712 3426 1070 3475 indifferentium
1089 3458 1105 3483 ,
1133 3445 1273 3493 quum
1302 3429 1460 3477 horum
1481 3428 1694 3493 principia
1715 3431 1863 3493 aperte*
1887 3433 2027 3479 statui
2048 3434 2231 3497 politico
2253 3437 2648 3500 adversentur,hoc

380 3498 470 3563 ipso
499 3499 621 3562 quod
658 3498 832 3543 nullum
851 3495 1191 3558 Legi-latorem,
1211 3498 1354 3545 nullas
1379 3499 1520 3562 leges,
1559 3497 1732 3547 nullum
1758 3502 1824 3556 jus
1851 3498 2118 3562 agnoscant.

253 3564 334 3631 (b)
367 3565 639 3643 Recolantur
666 3561 786 3626 supra
816 3563 935 3610 dieta
976 3579 1032 3639 ,α
1058 3561 1214 3614 Pfaffio
1241 3563 1420 3616 dicente
1465 3565 1580 3618 hanc
1618 3566 1955 3621 translationum
1989 3567 2113 3621 fuiff·
2138 3572 2426 3624 meceffaciam
2454 3579 2508 3628 ad
2540 3599 2645 3646 pm-

386 3633 663 3684 scribendam
690 3628 1060 3710 Papo-Casuum
1073 3633 1167 3684 &c-
