2970 3918
1108 170 1222 247 De
1249 171 1430 246 Statu
1454 171 1748 264 Ecclefiae.
2528 193 2625 260 49

233 322 344 392 sed
374 321 451 387 ad
483 321 803 389 summum
834 321 1189 403 improprie
1232 325 1390 387 tales
1422 323 1646 386 locum
1682 318 1916 385 habere
1948 315 2126 397 poss'e
2150 354 2173 394 9
2256 319 2435 382 uales
2479 319 2624 388 sunt

233 406 461 470 statuta
494 404 893 488 particularia
917 404 1363 486 collegiorum
1385 404 1719 468 communi
1751 399 2082 467 sociorum
2109 398 2180 463 su
2268 401 2409 485 agio
2449 399 2621 470 inter

230 488 296 551 se
328 488 495 566 ipsos
526 492 649 569 pro
676 485 989 551 servando
1016 497 1202 549 certo
1237 484 1505 562 ordine,
1539 480 1954 566 procurando
1986 483 2164 546 bono
2190 484 2470 568 Collegii
2489 525 2512 564 ,
2544 508 2617 551 ac

232 570 427 633 conse
475 569 696 635 uendo
722 567 854 630 fine
878 568 991 630 fibi
1013 567 1286 646 praefixo
1311 568 1435 628 lata
1468 569 1529 631 &
1561 570 1978 652 promulgata.
2064 567 2164 629 Ex
2190 586 2315 648 qua
2338 568 2614 650 ratione,

231 651 407 730 ajunt
470 652 540 734 a)
562 647 732 730 ,ipsa
752 650 1013 731 antiqua
1042 648 1325 711 Ecclesia
1349 646 1456 708 sua
1474 648 1729 711 decreta
1755 647 2131 731 neutiquam
2168 648 2377 712 verbo
2418 663 2495 734 Le,
2527 675 2613 716 um

230 733 339 794 sed
372 742 631 796 canonum
654 729 1017 811 exprimere
1051 729 1289 792 voluit.
1337 728 1455 812 (b)
1539 730 1836 794 Inferunt
1872 742 2004 805 5.ῑο
2041 751 2055 791 :
2102 747 2431 814 nunquam
2506 752 2616 798 1ve

230 832 432 895 penes
462 824 665 877 totam
689 811 1075 889 Ecclesiam,
1099 811 1233 874 five
1259 815 1457 891 penes
1476 812 1855 891 PontificeS,
1875 822 2147 876 caeteros
2194 832 2280 875 ue
2304 814 2618 881 Praesules

230 899 294 961 ὅτ
320 893 612 959 Clericos
644 894 923 974 majores
955 893 1017 958 &
1045 893 1326 956 minores
1364 892 1521 974 quin
1543 913 1754 977 neque
1782 913 1977 974 penes
2002 893 2127 974 ipsa
2221 896 2457 961 oncilia
2482 903 2615 966 Ge·-

228 979 466 1042 neralia
477 974 774 1041 resediffe
795 973 1175 1057 potestatem
1201 973 1451 1037 ferendi
1474 975 1673 1056 leges,
1700 974 2040 1040 decidendi
2059 976 2296 1054 causaS,
2322 978 2616 1064 infligen-

229 1060 295 1124 di
324 1080 544 1139 poenas
565 1101 589 1138 ,
619 1060 867 1145 aliaque
907 1055 1050 1137 jura
1075 1055 1356 1140 Imperio
1394 1075 1635 1121 annexa
1661 1057 2047 1121 exercendi:
2089 1057 2407 1143 quidquid
2455 1083 2615 1149 ergo

219 1144 381 1224 juris
417 1143 700 1224 ‘imperio
743 1141 1130 1207 cohaerentis
1173 1151 1600 1202 exercuerunt
1635 1178 1658 1216 ,
1713 1138 1781 1201 id
1831 1159 2027 1203 omne
2076 1140 2608 1228 usurpationum,

229 1237 727 1303 attentatorum,
773 1224 836 1288 &
873 1221 1183 1286 ahusuum
1219 1221 1410 1286 instar
1437 1220 1560 1284 effe
1591 1219 1992 1300 habendum,
2038 1231 2147 1285 aut
2171 1222 2219 1284 sl
2245 1244 2395 1307 quae
2424 1226 2612 1294 fuere

113 1320 116 1322 ’
227 1309 546 1386 celebrata
576 1305 868 1372 Concilia
912 1304 1233 1398 legitima,
1278 1305 1545 1367 illorum
1590 1302 2002 1367 definitiones
2042 1303 2109 1366 in
2139 1305 2335 1371 rebus
2370 1307 2647 1377 fidem..‘

225 1390 538 1452 internam
578 1388 1127 1464 concernentibus
1175 1387 1415 1450 nullius
1455 1385 1579 1449 effe
1623 1385 1863 1449 valoris
1903 1405 1976 1461 ac
2011 1385 2313 1466 roboriS,
2354 1394 2612 1458 caeteris

177 1520 181 1526 .
225 1492 390 1534 vero
417 1471 689 1538 decretis
714 1470 793 1534 ad
813 1469 1207 1550 disciplinam
1240 1466 1743 1534 Ecclefiasticam
1772 1467 2249 1548 pertinentibus
2275 1473 2473 1537 unice
2497 1479 2611 1540 ve-

225 1559 326 1620 lut
353 1558 640 1617 cinonibus
668 1555 779 1617 seu
804 1555 1007 1629 Regalis
1035 1551 1098 1617 &
1132 1558 1357 1616 statutis
1389 1556 1423 1613 a
1443 1552 1743 1635 Collegio
1770 1552 2102 1623 communi
2137 1549 2432 1638 suffragio
2457 1577 2612 1637 pro-

224 1637 389 1701 cusis
414 1638 537 1701 effe
562 1632 1027 1720 affurgendum.
1143 1633 1442 1698 Inferunt
1467 1634 1604 1697 6.to
1639 1636 1706 1696 in
1732 1633 2019 1699 Ecclesia
2052 1634 2268 1719 quoad
2281 1639 2439 1714 fidem
2458 1646 2616 1704 inter·

223 1733 347 1783 nam
364 1767 379 1791 ,
423 1718 486 1782 &
522 1722 865 1800 conj‘effionem
880 1715 1009 1793 fidei
1028 1720 1282 1780 internam
1311 1718 1552 1778 nullam
1582 1715 1767 1779 aliam
1793 1718 2083 1800 regulam
2113 1717 2240 1781 effe
2265 1720 2611 1802 agnoscen-

226 1801 409 1878 dam,
459 1820 654 1883 quam
690 1801 752 1865 S.
770 1797 1162 1877 Scripturam
1193 1838 1215 1874 ,
1266 1797 1561 1880 adeoque
1615 1817 1876 1863 omnem
1913 1798 2370 1864 Traditionem
2411 1802 2610 1868 Divi-

221 1903 405 1961 nam,
450 1881 526 1944 ad
561 1901 754 1967 quam
783 1880 978 1944 toties
1010 1880 1078 1942 in
1118 1879 1243 1942 suis
1279 1878 1684 1964 dogmatibus
1707 1892 2074 1959 provocant
2107 1880 2466 1963 Catholici,
2495 1884 2606 1966 pe·

222 1967 410 2030 nitus
427 1964 551 2028 effe
570 1960 1055 2027 eliminandam.
1161 1960 1458 2025 Inferunt
1478 1960 1702 2038 7.timo
1723 1962 2075 2026 Ecclesiam
2110 1963 2288 2044 poffe
2315 1964 2611 2032 confide-

223 2049 348 2113 rari
376 2050 487 2110 vel
521 2061 713 2120 extra,
767 2049 880 2110 vel
907 2049 1050 2106 intra
1086 2044 1332 2108 Statum
1376 2044 1788 2124 Reipublicae
1825 2044 2166 2109 Politicae:
2214 2060 2393 2112 extra
2434 2050 2609 2116 hunc

219 2134 468 2196 Statum
504 2125 769 2191 videtur
802 2125 988 2193 fuiffe
1022 2126 1247 2205 primis
1286 2127 1488 2192 tribus
1517 2126 1828 2192 Ecclefiae
1870 2126 2160 2206 saeculiS,
2208 2128 2363 2194 dum
2398 2132 2607 2200 adhuc

132 2264 145 2269 κ
216 2216 658 2294 imperatores
677 2208 939 2273 Ethnici
966 2208 1206 2271 summa
1221 2209 1524 2289 Imperii,
1561 2227 1913 2292 rerumque
1941 2210 2399 2289 potiebantur:
2442 2226 2613 2280 tran-

220 2295 321 2358 ssit
351 2292 430 2355 ad
467 2293 713 2354 Statum
746 2289 1162 2370 Reipublicae
1193 2291 1385 2372 eique
1413 2291 1587 2385 quast
1622 2292 2072 2357 innestebatur
2103 2295 2270 2357 Saec.
2291 2317 2387 2373 4.,
2431 2300 2606 2377 post-

101 2437 109 2443 ,
224 2392 418 2460 quam
465 2370 919 2436 Constantinus
965 2369 1216 2449 ejurato
1267 2371 1682 2435 Ethmclsmo-
1721 2372 2139 2456 Religionem
2188 2375 2600 2447 Christianam

222 2458 613 2537 amplexatus
643 2453 807 2533 fuit,
842 2472 1100 2536 unaque
1127 2452 1479 2517 Ecclesiam
1511 2454 1578 2517 in
1609 2453 1783 2517 suam
1810 2456 2074 2519 tulelam
2117 2458 2387 2539 recepit.
2494 2465 2595 2525 In·

222 2539 343 2616 de,
366 2535 699 2601 deducunt
719 2548 909 2615 8.vo,
952 2535 1354 2628 consequens
1386 2534 1609 2612 fuiss'e,
1651 2546 1727 2599 ut
1763 2543 1872 2619 Jus
1912 2542 1967 2599 in
2002 2546 2166 2600 Sacra
2202 2559 2355 2604 cum
2391 2547 2600 2608 omni-

218 2622 340 2685 bus
379 2619 503 2685 suis
535 2618 792 2682 annexis
831 2617 1086 2699 juribus
1108 2658 1132 2695 ,
1177 2617 1252 2681 iis
1295 2618 1508 2682 solum
1549 2618 1878 2698 exceptiS,
1921 2637 2072 2701 quae
2117 2619 2327 2686 solent
2373 2629 2597 2694 vocari

217 2702 519 2788 collegialt‘a
561 2701 624 2767 δι
659 2699 738 2764 ad
767 2700 1133 2784 Collegium
1166 2720 1292 2784 qua
1324 2702 1452 2763 tale
1490 2703 1858 2780 pertinent,
1902 2700 1971 2764 in
2006 2699 2208 2783 ipsum
2226 2744 2250 2783 ,
2293 2706 2597 2794 illiusque

217 2783 628 2851 Succeffores
656 2782 792 2863 ipso
811 2784 960 2864 jure
989 2782 1334 2867 tranfiret.-
1427 2782 1619 2846 Haud
1653 2783 1832 2848 secus
1867 2803 2056 2867 quam
2089 2784 2154 2848 id
2189 2786 2256 2849 in
2297 2790 2433 2854 aliis
2476 2797 2600 2859 So-

217 2864 557 2932 cietatibus
587 2866 980 2951 &Collegiis
1013 2866 1393 2950 contingere
1418 2866 1620 2943 solet,
1659 2885 1810 2950 quae
1829 2907 1853 2945 ,
1883 2867 2037 2931 licet
2063 2867 2332 2935 habeant
2362 2873 2469 2938 sua
2492 2876 2599 2957 ju,-

214 2970 286 3014 ra
327 2947 620 3032 Collegialia
662 2946 937 3029 separata
965 2988 989 3027 ,
1077 2961 1350 3012 attamen
1391 2948 1866 3029 Inspeftionem
1913 2952 2297 3016 Generalem
2323 2994 2348 3032 ,
2393 2977 2467 3021 ac
2494 2958 2597 3024 su-

214 3049 505 3114 premam
534 3029 602 3091 in
629 3028 753 3094 suis
782 3031 1247 3111 Imperantibus
1267 3031 1590 3111 revereri,
1623 3031 1998 3115 eisdemque
2015 3032 2080 3096 se
2107 3032 2170 3097 se
2195 3034 2262 3098 in
2288 3036 2400 3117 iis,
2443 3042 2594 3126 quae

214 3117 460 3180 Statum
500 3112 832 3192 publicum
869 3113 1186 3195 speetant,
1230 3113 1582 3195 subjicere,
1629 3115 2023 3199 illorumque
2060 3117 2307 3201 legibus
2340 3122 2592 3190 obtem-

215 3214 437 3280 perare
473 3194 853 3279 obligantur.
981 3196 1333 3279 Quodnam
1376 3207 1592 3259 autem
1629 3195 1792 3259 illud
1826 3194 1902 3258 fit
1945 3196 2472 3285 fundamentum,
2520 3209 2594 3276 in

214 3297 356 3363 quo
380 3274 546 3342 istud
561 3284 669 3363 Jus
688 3282 740 3341 in
763 3286 925 3342 Sacra
951 3279 1305 3362 radicatur,
1339 3276 1717 3428 &dhucdum
1748 3277 2138 3362 disputatur,
2181 3303 2255 3349 ac
2287 3296 2389 3350 tot
2413 3289 2587 3360 inter

2417 3372 2433 3435 i
2485 3374 2589 3446 sos

214 3462 298 3528 (a)
326 3460 431 3511 Vid.
456 3460 679 3523 Zieglem·
692 3461 738 3509 in
765 3461 1031 3509 Οοωωεητ.
1050 3458 1106 3510 ad
1132 3459 1271 3513 Instit.
1289 3457 1531 3508 Laneenoti
1556 3458 1603 3509 in
1631 3457 1805 3509 Differt.
1827 3458 2012 3524 pralim.
2437 3394 2479 3455 p

216 3536 290 3593 (b)
327 3528 430 3604 vid.
469 3529 719 3580 Differtuio
753 3526 901 3581 testu
922 3531 1065 3597 print
1095 3530 1188 3596 Jus
1224 3532 1499 3580 Canonium
1524 3533 1578 3581 dn
1607 3543 1763 3597 genere
1800 3528 2002 3597 inscripta
2030 3556 2050 3591 0
2079 3525 2157 3587 ubi
2179 3527 2267 3585 boc
2291 3529 2427 3587 fufius
2451 3536 2594 3592 dedu·

351 3609 513 3648 numus.
