2970 3918
1113 190 1229 266 De
1258 191 1439 269 Statu
1472 186 1766 283 Ecclefiae-
2537 216 2628 281 75

246 349 365 413 bus
405 343 728 414 benefecit
826 339 1171 409 senatores
1210 341 1360 407 suos
1391 344 1770 429 neutiquam
1802 335 2104 406 viliffimo
2131 337 2537 410 subditorum
2572 347 2635 413 &

240 432 583 496 servorum
616 472 640 508 2
676 385 785 491 sed
808 424 1183 491 honorifico
1212 427 1568 508 discipulorum
1593 425 1860 491 nomine
1892 424 2271 507 compellari
2293 466 2318 506 2
2354 427 2485 509 ipse
2526 450 2636 493 au-

243 528 377 577 tem
408 533 543 577 non
567 514 928 592 Imperator
949 548 973 585 2
1007 525 1144 569 non
1174 510 1323 571 Rex
1343 547 1366 586 2
1400 506 1511 570 sed
1539 511 1798 603 Magister
1827 506 2143 572 nominari
2166 509 2385 574 voluit
2416 551 2439 589 9
2481 516 2516 575 a
2541 511 2638 577 di·

244 597 499 677 scipulis
533 613 696 657 vero
730 609 991 655 omnem
1025 587 1427 652 dominatum
1477 591 1538 654 &
1575 590 2004 672 principatum
2045 611 2235 674 quam
2276 593 2637 678 longissime

242 678 447 743 abeffe
476 675 714 739 voluit4
734 673 844 766 (a)
931 673 1176 735 Totam
1201 670 1434 764 Christi
1461 672 1658 735 vitam
1680 719 1699 749 ,
1729 674 1944 737 omnia
1969 675 2142 738 illius
2176 674 2345 759 gesta
2373 679 2436 743 &
2473 679 2639 745 faeta

242 760 581 826 lustremus
604 797 628 836 2
664 757 726 822 &
749 755 912 820 mhil
939 772 1414 834 comperiemus
1443 792 1467 832 2
1509 754 1691 838 quod
1717 758 1830 820 vel
1860 760 2290 837 Imperantem
2320 762 2640 842 exprime-

240 856 341 906 ret
360 881 383 919 2
418 842 531 905 vel
554 837 825 904 unicum
847 835 1034 902 nobis
1057 835 1383 919 praeberet
1403 835 1717 903 indicium
1745 878 1769 917 2
1815 857 1899 902 ex
1938 859 2074 923 quo
2120 841 2436 926 colligere
2483 845 2643 912 lice·

236 936 377 1002 ret,
415 922 599 1008 quod
629 921 712 988 de
735 919 1079 993 formando
1117 919 1284 983 statu
1308 960 1332 998 2
1360 918 1422 984 &
1442 919 1891 985 constituenda
1921 923 2200 988 Civitate
2228 926 2640 1010 cogitaverit.

243 1011 486 1072 Munus
511 1004 834 1085 docendi,
856 1023 992 1090 quo
1016 1002 1349 1086 praecipue
1388 1002 1674 1066 Christus
1714 1003 2106 1087 fungebatur
2140 1047 2163 1086 2
2206 1008 2269 1072 &
2313 1010 2642 1090 doctrinas

243 1091 421 1156 illius
466 1089 870 1155 intueamur:
904 1089 972 1152 in
999 1098 1286 1170 utroque
1311 1084 1470 1148 nihil
1497 1087 1756 1166 prorsus
1805 1086 1988 1179 quod
2032 1088 2373 1170 imperium
2417 1094 2480 1159 δε
2519 1095 2642 1162 do-

248 1175 562 1240 minatum
594 1174 839 1254 saperet
865 1211 890 1251 ,
922 1167 1322 1252 deprehendi
1351 1171 1546 1233 valet.
1655 1171 1886 1232 Omnis
1939 1169 2114 1234 illius
2158 1171 2452 1239 doctrina
2491 1181 2644 1246 ulti-

244 1270 420 1325 mato
458 1255 536 1320 ad
576 1256 948 1320 charitatem
973 1295 998 1334 ,
1031 1250 1589 1318 mansuetudinem
1618 1250 1682 1317 δε
1717 1250 2144 1318 humilitatem
2174 1258 2643 1332 collimabat-..z

243 1360 381 1404 non
406 1339 518 1403 ille
547 1338 821 1421 imperio
855 1335 1159 1421 juss'uque
1177 1337 1460 1400 humano
1487 1335 1785 1400 homines
1804 1334 1882 1399 ad
1909 1334 2085 1402 suam
2111 1335 2642 1427 doetrinamper.

242 1419 604 1502 cipiendam
627 1419 1270 1514 amplectendamque
1293 1418 1657 1500 compulit,
1687 1438 1824 1485 non
1856 1417 2285 1502 ipseobtorto
2316 1430 2534 1507 coIIO,
2567 1444 2645 1497 ut

242 1506 450 1588 ipsum
488 1507 915 1591 sequerentur
938 1546 962 1584 2
1000 1516 1256 1588 coegit,
1296 1523 1432 1566 non
1463 1501 1592 1583 ipse
1617 1502 2059 1567 acerbioribus
2081 1505 2270 1569 minis
2296 1547 2319 1586 2
2364 1512 2646 1592 graviffi,

243 1589 363 1654 mis
391 1589 599 1669 poenis
619 1629 643 1668 2
669 1589 730 1654 &
760 1588 1083 1669 suppliciis
1112 1598 1340 1651 contra
1366 1585 1775 1663 refrastarios
1799 1584 2284 1653 animadvertit:
2314 1611 2646 1687 nunquam

244 1692 326 1736 ex
347 1671 520 1736 illius
550 1670 929 1738 sanetiffimo
965 1690 1084 1736 ore
1118 1668 1410 1735 auditum
1440 1667 1531 1734 est
1569 1669 1733 1735 illud
1765 1687 2117 1739 commune
2147 1675 2647 1754 Imperantium:

244 1756 335 1820 fic
360 1758 521 1819 volo
539 1795 563 1834 2
592 1754 680 1820 fic
695 1753 942 1835 jubeo,
981 1754 1070 1820 fic
1097 1753 1352 1834 impero
1382 1775 1398 1816 ε
1442 1749 1551 1816 sed
1574 1758 1663 1839 qui
1691 1754 1853 1835 potest
1893 1767 2076 1834 capere
2103 1761 2281 1839 capiat
2311 1803 2330 1830 ,
2373 1764 2463 1843 qui
2499 1782 2651 1829 aum

244 1838 402 1902 babet
443 1837 684 1902 audiendi
704 1840 887 1902 audiat
911 1836 1031 1912 &a
1076 1836 1287 1901 omnis
1310 1833 1606 1901 doctrina
1639 1838 1827 1916 plena
1849 1846 1986 1896 erat
2014 1831 2338 1902 charitatis
2364 1879 2387 1919 2
2415 1842 2649 1910 lenita-

247 1923 331 1986 tis
367 1922 429 1987 &
456 1918 954 1984 mansuetudinis
983 1959 1007 1998 ³
1045 1938 1185 1983 eam
1226 1938 1364 1982 non
1388 1918 1724 1999 phaleratis
1752 1917 2191 1999 sermonibus,
2230 1921 2341 1986 sed
2368 1923 2646 1994 miracu-

249 2009 468 2070 lorum
510 2003 755 2066 virtute
787 2000 1212 2067 confirmabat
1232 2042 1255 2082 2
1296 2000 1426 2082 ipse
1455 2000 1692 2065 modus
1721 1999 2006 2064 docendi
2058 2002 2134 2066 ab
2165 2005 2347 2068 omni
2389 2005 2549 2075 fuco
2579 2011 2646 2080 δε

244 2085 560 2152 adscititio
587 2087 772 2149 cultu
794 2085 1037 2150 alienus
1063 2096 1200 2150 erat
1214 2125 1238 2163 ‚
1269 2098 1344 2148 ut
1367 2083 1530 2149 nihil
1551 2083 1732 2168 quod
1758 2081 2183 2163 suspicionem
2200 2086 2484 2154 fictionis
2503 2115 2648 2160 mo..

246 2189 406 2235 vere
444 2170 691 2250 posset,
731 2181 1083 2251 appareret.
1170 2167 1366 2232 Matri
1387 2167 1682 2232 filiorum
1718 2164 2042 2233 Zebedaei
2078 2173 2377 2254 petenti,
2413 2186 2489 2239 ut
2521 2178 2645 2246 filii

241 2252 338 2317 sui
363 2252 672 2333 supremis
707 2250 777 2315 in
805 2270 1009 2336 regno
1044 2249 1278 2315 Christi
1310 2250 1686 2315 muneribus
1714 2248 2089 2331 potirentur
2116 2290 2141 2329 2
2180 2253 2339 2336 quid
2381 2258 2647 2341 respon.

246 2334 344 2399 dit
373 2337 403 2398 ’ἑ
442 2334 650 2416 potestis
690 2331 861 2396 bibere
892 2334 1098 2397 calicem
1119 2332 1234 2408 &a
1251 2331 1369 2416 (b)
1413 2331 1558 2413 ipfis
1583 2346 1800 2397 autem
1832 2331 2157 2411 discipulis
2181 2374 2206 2412 ³
2242 2335 2401 2403 dum
2426 2341 2644 2436 ignem

245 2415 328 2481 de
364 2417 541 2481 coelo
592 2412 760 2477 mitti
806 2415 1119 2479 volebant
1170 2413 1470 2478 adversus
1518 2415 1938 2480 Samaritanos
1983 2414 2309 2484 Christum
2350 2438 2646 2507 recipere

242 2502 538 2564 nolentes
566 2495 724 2581 quid
751 2497 1138 2578 respondiffe
1161 2499 1774 2582 putamus3erincipes
1803 2498 2144 2562 dominantur
2175 2520 2387 2576 eorum,
2414 2527 2512 2572 vo,
2539 2531 2643 2574 aa.

239 2596 346 2647 tem
370 2598 471 2647 non
488 2584 585 2666 fic.
615 2579 731 2664 (c)
814 2581 1091 2648 Ubinam
1128 2581 1196 2645 in
1218 2582 1314 2645 his
1340 2580 1643 2646 omnibus
1678 2580 1790 2645 vel
1821 2578 2048 2644 umbra
2088 2582 2352 2664 Imperii
2380 2590 2409 2653 2
2435 2608 2642 2684 quum

241 2665 387 2731 haec
414 2662 630 2729 omnia
651 2681 788 2728 non
814 2677 945 2729 tam
981 2662 1059 2728 ad
1083 2663 1603 2731 constituendam
1635 2705 1660 2747 2
1700 2682 1892 2751 quam
1919 2660 2364 2736 destruendam
2398 2673 2642 2743 Civita-

243 2760 381 2813 tem
401 2748 463 2813 &
488 2747 990 2828 Rempublicam
1020 2746 1235 2814 facere
1265 2747 1630 2813 videantur.

405 2828 520 2894 Ad
546 2828 909 2911 Apostolos
934 2833 1270 2898 veniamus
1301 2872 1325 2912 2
1361 2851 1529 2916 quos
1567 2828 1684 2896 fibi
1731 2828 2018 2896 Christus
2047 2829 2312 2898 adscivit
2341 2873 2365 2915 2
2412 2837 2474 2903 &
2495 2839 2642 2906 sub-

240 2914 500 2999 rogavit
519 2954 543 2991 ,
578 2912 639 2979 &
672 2923 812 2978 tum
847 2914 1114 2979 illorum
1146 2915 1568 2981 vocationem
1600 2956 1624 2995 ,
1667 2923 1809 2978 tum
1842 2932 2078 2979 munus
2111 2915 2173 2981 &
2214 2917 2640 2998 potestatem..

244 2996 538 3061 traditam
566 3036 589 3075 2
629 2994 692 3061 δι
726 2994 989 3063 demum
1012 2999 1353 3085 utriusque
1379 2998 1836 3064 executionem
1866 3004 2409 3079 contemplemur.
2492 3010 2642 3073 Hos

242 3080 440 3164 igitur
474 3077 639 3144 misit
654 3119 678 3158 ,
689 3083 835 3226 ἔσκε
874 3085 975 3162 ipse
1009 3085 1170 3164 mffliaes
1204 3094 1322 3148 erat
1349 3083 1384 3146 ὰ
1412 3092 1594 3148 Patre.
1625 3080 1744 3166 (d)
1827 3079 2002 3154 Mifit
2043 3080 2191 3147 illos
2237 3103 2374 3151 non
2412 3100 2487 3154 ut
2521 3091 2642 3156 im-

241 3174 542 3244 perarent
566 3204 590 3243 ,
623 3162 685 3226 se
743 3159 1182 3311 ¹praedicarent
1215 3188 1230 3231 ε
1274 3170 1345 3231 ite
1367 3211 1385 3239 ,
1413 3166 1686 3250 predicate
1712 3162 1826 3240 &a
1848 3162 1964 3259 (e)
2008 3183 2147 3230 non
2188 3165 2253 3232 in
2298 3171 2432 3236 enti
2473 3174 2642 3241 mili-

241 3259 386 3315 tum
415 3243 708 3312 exercitu
771 3244 854 3314 ed
894 3243 1075 3319 dono
1101 3248 1604 3332 miraculorum,
1646 3246 1708 3318 &
1737 3258 1933 3335 gratia
1954 3247 2225 3338 Spiritus
2300 3303 2321 3326 .
2346 3256 2638 3343 stipatos,

1356 3332 1419 3401 K
1459 3348 1500 3402 ²
2565 3363 2641 3411 ac

242 3413 318 3479 (a)
350 3417 460 3465 Luc.
478 3413 683 3468 nnus.
708 3433 793 3481 ²5·
2153 3443 2156 3446 .
2252 3434 2255 3436 v

243 3482 334 3547 (b)
360 3482 503 3534 Matb.
535 3501 549 3530 ι
562 3502 605 3547 9.
645 3484 751 3533 vers.
772 3500 849 3539 ιι.

242 3551 325 3619 (ε)
349 3551 480 3603 Μιιῑι
510 3569 591 3601 zo.
610 3551 714 3602 vers.
730 3568 816 3603 ιι.

245 3622 335 3684 (d)
369 3625 477 3675 ιοε.
500 3623 584 3671 cx.

243 3688 332 3756 (ε)
360 3693 498 3756 joan,
532 3705 611 3743 ze.
637 3685 850 3754 vers-212
