2970 3918
346 143 375 201 ι
395 141 478 207 28
1156 122 1349 215 caput
1382 121 1467 196 11.
1520 131 1592 212 5.
1623 123 1812 198 VIII.

337 277 615 343 Celebre
645 276 736 341 est
766 269 1134 364 responsum
1162 311 1203 366 ,⁹
1278 271 1417 336 uod
1457 274 1607 336 Rex
1636 274 1875 340 Scotiae
1912 273 2168 340 cuidam
2199 277 2410 363 legato
2436 284 2705 349 Pontifi-

338 361 446 427 cio
490 362 722 426 intrare
764 359 1017 420 volenti
1059 353 1208 419 ded1
1258 375 1295 420 e
1336 355 1544 420 fertur
1599 377 1614 419 ε
1691 365 1816 422 Non
1859 380 1937 424 me
1981 365 2183 422 memini
2220 363 2449 444 legatum
2501 369 2553 428 in
2595 388 2727 429 mea-s

333 458 478 509 terra
536 443 707 521 vidtffi
741 485 759 511 ‚
819 457 910 501 nec
967 452 1094 516 opus
1146 440 1212 514 esi
1268 443 1492 522 aliquem
1548 442 1863 505 vocandum.
2013 448 2161 504 DEO
2200 447 2404 527 gratias
2439 466 2455 509 ε
2499 453 2708 510 omnia..

317 531 377 608 fi
430 526 554 588 bene
603 521 810 583 babent.
930 517 1218 584 Eandem
1261 521 1751 606 praerogativam
1793 523 1906 588 fibi
1949 522 2274 608 vindicant
2308 527 2524 610 Reges
2559 529 2708 591 Gal-

327 610 434 672 liae
470 645 491 683 ,
548 602 659 687 qui
704 604 919 666 nullos
958 603 1200 696 legatos
1244 603 1683 683 admiserunt,
1726 627 1848 671 nec
1896 606 2096 672 hodie
2136 607 2477 672 admittunt
2516 651 2538 688 ,
2591 609 2707 676 nifi

328 691 440 754 sub
469 687 659 753 certis
684 684 1167 750 conditionibus
1200 727 1223 764 ,
1256 686 1529 752 maxime
1563 693 1598 751 a
1624 699 1919 772 tempore
1940 731 1964 768 ,
1992 710 2127 776 quo
2154 691 2528 776 graviffimae
2560 694 2704 758 lites

326 772 822 836 exsurrexerunt
862 769 1031 834 inter
1065 770 1432 852 Philippum
1460 770 1815 838 Pulchrum
1858 775 1921 839 &
1962 775 2369 842 Bonifacium
2401 776 2593 841 Vm.
2624 775 2707 841 de

325 874 458 941 quo
490 851 622 917 vid.
657 855 919 916 ExtraV.
951 852 1120 916 inter
1144 872 1476 933 commun.
1503 855 1583 920 de
1609 856 1904 937 consuet,
1934 856 2042 940 (a)
2320 920 2326 923 a

484 940 707 1003 Mores
758 937 1097 1000 Gallorum
1134 936 1196 1001 &
1223 938 1593 1021 Anglorum
1624 942 2015 1003 aemulantur
2046 938 2309 1020 Hispani
2353 938 2416 1003 &
2456 941 2700 1026 Belgae,

323 1022 471 1108 quia
498 1020 689 1085 etiam
722 1017 891 1099 apud
917 1018 1084 1100 ipsos
1124 1038 1262 1083 mos
1287 1018 1557 1086 invaluit
1583 1063 1606 1100 ,
1644 1033 1720 1084 ut
1739 1023 1987 1106 legatos
2022 1021 2564 1088 Pontificiosnon
2587 1025 2703 1090 niss

313 1104 571 1187 praevio
602 1100 916 1167 consensu
945 1102 1210 1166 suorum
1236 1103 1607 1184 Principum
1634 1105 1695 1168 &
1722 1103 1836 1169 sub
1867 1105 2061 1171 certis
2084 1105 2571 1172 conditionibus
2595 1107 2715 1174 ad—.

319 1190 590 1253 mittant.
697 1189 1015 1270 Quaenam
1051 1184 1172 1247 sint
1215 1184 1346 1249 illae
1388 1186 1800 1252 conditiones
1824 1231 1848 1266 ,
1896 1189 2146 1252 illarum
2183 1189 2516 1252 nationum
2550 1190 2700 1255 scri-

317 1285 541 1353 ptores
564 1268 781 1350 paffim
808 1278 1171 1352 exponunt,
1208 1267 1324 1352 (b)
1368 1269 1668 1333 Habuere
1692 1280 1795 1333 tot
1815 1275 2072 1356 Regum
2085 1271 2528 1352 &Principum
2546 1293 2700 1354 pro-

313 1355 683 1420 testationes
710 1354 880 1417 inter
905 1351 1063 1415 alios
1101 1351 1274 1415 hunc
1302 1351 1634 1432 praecipue
1659 1350 1969 1418 effefilmm
1990 1367 2116 1431 ,ut
2137 1353 2265 1434 jam
2291 1356 2386 1419 Le
2431 1355 2543 1421 atis
2565 1355 2702 1420 exi-

300 1457 467 1523 *gere
498 1434 995 1502 Procurationes
1023 1434 1289 1513 amplius
1320 1454 1455 1496 non
1484 1437 1672 1499 liceat
1703 1477 1724 1514 ,
1767 1435 1876 1500 sed
1895 1437 2024 1516 ipse
2047 1437 2352 1501 Pontifex
2419 1457 2455 1500 e
2483 1441 2699 1503 neces-

314 1523 483 1587 sariis
516 1518 868 1599 sumptibus
892 1515 1239 1597 providere
1275 1515 1500 1580 debeat
1524 1559 1546 1597 ,
1584 1517 1659 1580 iis
1707 1537 1794 1581 ue
1822 1518 1953 1597 jam
1993 1537 2074 1582 ex
2103 1520 2374 1583 Annatis
2422 1521 2700 1586 necefl'a-
2762 1546 2765 1547 ⁷

295 1605 408 1670 ‘ria
433 1646 458 1684 ,
489 1616 564 1667 ut
595 1602 811 1681 ajunt,
848 1597 1250 1680 suppeditare
1278 1599 1494 1663 soleat.
1581 1604 1682 1663 Ha
1729 1612 1836 1664 ent
1865 1612 2079 1665 tamen
2122 1603 2451 1683 Principes
2497 1603 2700 1671 hodie

316 1690 383 1754 in
411 1688 507 1752 his
540 1685 760 1771 legatis
788 1680 1194 1746 admittendis
1220 1692 1398 1746 tanto
1428 1681 1638 1746 minus
1672 1682 2088 1764 difficultatiS,
2114 1697 2356 1770 quanto
2380 1688 2583 1768 pluris
2599 1689 2696 1769 ip·-

314 1773 531 1836 sorum
558 1810 585 1846 ,
611 1783 964 1849 rerumque
985 1763 1390 1848 publicarum
1426 1764 1692 1830 interest
1721 1807 1743 1846 ,
1783 1781 1859 1834 ut
1893 1787 2049 1833 cum
2076 1769 2252 1834 Aula
2278 1771 2575 1836 Romana
2600 1791 2697 1836 ar-

311 1852 503 1925 efieri
531 1850 999 1915 communione
1031 1848 1440 1933 colligentur.
2416 1904 2419 1907 ,

481 1933 811 2020 Quoniam
841 1950 1005 1996 vero
1036 1930 1510 2012 Episcoporum
1535 1929 1866 2010 praecipue
1895 1971 1917 2009 ,
1955 1932 2359 2017 aliorumque
2385 1938 2694 2002 Praelata-

310 2041 458 2087 rum
491 2015 1088 2082 Ecclesiasticomm
1132 2014 1475 2089 intererat,
1514 2024 1589 2075 ut
1612 2010 1909 2092 juribuS,
1952 2014 2014 2078 &
2056 2015 2410 2110 privilegiis
2450 2022 2694 2104 legato-

311 2123 456 2169 rum
484 2097 824 2165 Pontificis
861 2095 1167 2161 arfi'tiores
1193 2106 1594 2177 ponerentur
1627 2096 1902 2173 limiteS,
1938 2115 2019 2159 ne
2046 2097 2254 2161 omnis
2290 2101 2555 2164 illorum
2587 2101 2693 2180 ju·-

308 2184 600 2252 risdiffio
634 2195 762 2244 tam
792 2178 1193 2244 contentiosa
1229 2179 1296 2242 in
1319 2176 1690 2242 decidendis
1720 2176 1917 2242 causis
1948 2218 1973 2257 ,
2019 2199 2214 2265 quam
2233 2183 2597 2246 voluntaria
2624 2184 2693 2248 in

303 2292 388 2338 co
410 2262 736 2332 nferendis
760 2261 1089 2326 beneficiis
1117 2261 1623 2342 periclitaretur,
1649 2260 1725 2323 ad
1757 2261 2042 2340 ipsorum
2067 2261 2384 2326 instantias
2401 2265 2461 2328 &
2551 2285 2694 2328 ava-

311 2344 492 2422 mina
528 2344 744 2434 quoad
779 2343 1160 2409 collationes
1189 2342 1660 2410 beneficiorum
1677 2341 1934 2424 jamjam
1968 2343 2036 2407 in
2067 2344 2368 2410 Concilio
2385 2349 2474 2412 Ba
2499 2347 2697 2413 neem

310 2439 361 2503 fi
399 2478 424 2516 ,
456 2435 517 2500 &
559 2429 779 2512 postea
819 2427 886 2492 in
924 2426 1350 2492 Concordatis
1386 2427 1750 2492 Germaniae
1782 2467 1804 2504 ,
1852 2425 2068 2511 quoad
2108 2428 2491 2509 potestatem
2525 2448 2695 2495 vero

305 2514 706 2604 judiciariam
731 2513 800 2576 in
830 2512 1085 2577 Concil.
1113 2509 1414 2574 Trident.
1451 2521 1712 2573 cautum
1739 2508 1899 2589 fuit,
1932 2510 1994 2573 δι
2022 2511 2353 2589 provisum
2379 2553 2406 2591 ,
2441 2524 2517 2576 ut
2540 2532 2690 2578 cau-

313 2608 398 2672 sae
428 2617 651 2665 omnes
676 2594 752 2660 ad
779 2593 999 2658 forum
1023 2593 1537 2659 Ecclefiasticum
1603 2590 2170 2676 ⁴uomodocunque
2193 2595 2591 2675 pertinentes
2622 2596 2690 2661 in

314 2687 520 2771 prima
550 2678 838 2745 instantia
861 2696 1082 2742 coram
1120 2680 1425 2742 locorum
1455 2614 1810 2740 Ordinariis
1838 2674 2141 2741 duntaxat
2187 2677 2686 2762 cognoscantur,

315 2786 531 2854 neque
569 2767 758 2848 Legati
798 2766 958 2823 etiam
980 2761 1045 2822 de
1068 2760 1235 2825 latere
1261 2759 1617 2840 Episcopos
1647 2758 1713 2820 in
1751 2757 2074 2838 praedietis
2112 2758 2311 2824 causis
2346 2759 2687 2842 impedire,

316 2866 424 2919 aut
466 2850 683 2932 aliquo
715 2841 918 2908 modo
963 2842 1228 2908 illorum
1261 2840 1781 2923 jurisdictionem
1821 2839 2170 2923 praeripere
2198 2883 2223 2924 ,
2277 2856 2386 2908 aut
2433 2843 2691 2911 turbare

337 2969 353 2998 J
379 2934 715 2999 aesumant.
772 2947 808 2990 c

311 2959 378 3020 ΙΙ
474 3015 609 3104 Jam
645 2925 1106 3075 adqxgdiernos
1144 3010 1386 3092 legatos
1417 3017 1861 3086 revertamur,
1910 3025 2075 3090 quos
2113 3007 2239 3073 esse
2278 3009 2548 3092 triplicis
2581 3029 2690 3098 ge·

317 3100 488 3165 neris
518 3095 789 3162 diximus
816 3133 840 3173 ,
870 3109 1105 3174 nempe
1134 3102 1359 3177 Legatos
1388 3084 1666 3162 aLate're,
1701 3101 1924 3176 Legatos
1948 3088 2060 3155 seu
2097 3095 2323 3159 Nuntios
2351 3097 2536 3179 Mg‘fflu
2559 3141 2578 3169 ,
2622 3095 2684 3161 &

2464 3232 2467 3235 ,
2515 3186 2594 3243 Le
2629 3195 2689 3241 a·

325 3284 392 3340 (a)
426 3274 528 3324 vizi.
546 3273 666 3323 idem
688 3272 860 3323 author
878 3286 974 3338 ηρ.
996 3280 1080 3335 58.
2589 3199 2629 3268 g

328 3351 406 3417 (a)
444 3346 505 3392 sic
533 3340 622 3388 suas
647 3339 874 3390 facultates
895 3369 909 3394 ‚
941 3343 985 3390 dt
1007 3335 1301 3416 credengqueg
1321 3333 1437 3399 prin·
1453 3334 1738 3416 parimento
1759 3333 1967 3413 exhibere
1984 3332 2154 3388 debent
2174 3335 2308 3403 legati
2330 3369 2348 3397 ‚
2370 3355 2422 3391 ut
2446 3341 2497 3412 iis
2523 3340 2678 3394 vifis&

459 3409 717 3458 examinatis
736 3407 1014 3471 expendatur
1031 3440 1042 3462 ,
1068 3421 1124 3454 nn
1145 3405 1251 3453 σιω
1274 3404 1546 3454 libertatibus
1566 3403 1803 3453 Gallicanis
1828 3434 1846 3460 ‚
1877 3404 2046 3465 juribus
2067 3409 2239 3475 Regum
2256 3431 2276 3468 5
2304 3409 2376 3460 vel
2404 3407 2676 3462 ᾱιδδίωωιι

367 3497 371 3501 ’
461 3478 717 3525 continear-‚n
735 3478 826 3523 ὅτε.
855 3473 969 3530 trid,
988 3478 1091 3524 Vm
1118 3471 1255 3538 Espen
1275 3475 1446 3525 Pan-1.
1469 3472 1562 3522 Tit.
1592 3487 1672 3522 ιι.
1694 3486 1791 3538 cap.
1809 3488 1859 3535 3·

320 3547 400 3611 (c)
436 3546 536 3593 Sui}
561 3562 638 3604 2¹}-
665 3545 720 3589 de
749 3542 951 3591 Reform·
974 3556 1071 3606 up.
1090 3556 1173 3590 ιο.
