2970 3918
1140 157 1253 236 De
1282 154 1466 236 statu
1496 154 1791 249 ecclefiae:
1971 107 1977 115 ’
2559 160 2656 239 69

273 312 730 381 observandos,
805 311 918 398 Jus
945 306 1196 373 condendi
1217 312 1422 388 statuta
1440 354 1462 385 ,
1494 307 1568 383 83
1602 324 1819 370 canones
1843 351 1860 377 ‚
1904 295 2220 367 statuendi
2247 317 2467 381 poenas
2488 340 2510 378 2
2552 318 2664 392 eig-

267 390 834 470 communicandi,
853 390 964 454 seu
986 389 1435 471 proscribendi
1465 393 1502 455 e
1525 403 1706 455 coetu
1724 385 2184 464 dissentientes)
2217 381 2658 461 convocand1,

271 483 335 546 &
361 475 730 543 celebrandi
754 472 1065 550 concilia„
1103 474 1439 538 communi
1477 474 1589 536 vel
1617 470 1847 551 majori
1873 466 2171 554 fiiffiagio
2208 468 2276 531 in
2299 465 2492 530 rebus
2527 484 2660 530 ma-

263 563 429 642 joris
463 556 777 626 momenti
795 553 1272 631 concludendi,
1302 556 1471 618 bona
1505 553 1875 619 communia
1894 551 2203 617 Ecclesiae
2226 547 2658 614 administran-

273 645 342 709 di
374 645 495 710 διε.
526 637 707 727 quod
731 636 778 700 fi
803 636 933 716 jam
965 638 1159 701 talem
1197 637 1586 701 Societatem
1612 636 2017 717 Reipublicae
2043 632 2284 699 innecti
2301 632 2663 715 contingat,

267 724 420 790 inde
465 722 862 804 consurgunt
890 737 972 780 ex
1000 730 1186 799 parte
1219 717 1594 798 Imperantis
1612 724 1760 804 Jura
1788 720 2122 799 Majeliatica
2157 718 2224 779 in
2249 735 2389 780 eam
2407 757 2433 794 ,
2468 714 2530 780 &
2560 715 2659 778 in-

267 822 370 871 ter
394 805 540 869 haec
550 805 672 887 Jus
696 797 1000 865 concedendi
1021 805 1320 864 exercitium
1343 801 1701 884 Religionis
1717 840 1741 878 ,
1768 798 1930 865 illud
1946 798 2377 878 reformandi,
2403 797 2661 862 restrin-

269 885 546 973 gelidi&
571 880 932 965 ampliandi.
982 936 986 937 γ
1018 881 1129 968 Jus
1166 882 1578 947 concedendi
1601 883 1774 946 varia
1796 882 2030 962 privile
2075 883 2132 946 ia
2155 886 2266 947 vel
2294 882 2419 945 toti
2440 879 2661 946 Socie-

264 969 381 1033 tati
406 1009 429 1046 ³
457 970 570 1033 vel
605 964 948 1049 praecipuis
975 964 1279 1028 membris
1312 1007 1336 1044 ·,
1375 969 1486 1029 vel
1513 965 1684 1028 illius
1715 965 2051 1029 Direstori
2096 985 2173 1029 us
2202 985 2259 1030 e.
2289 985 2345 1050 g.
2385 963 2663 1028 statuen-

268 1053 357 1116 do
389 1071 468 1114 ne
501 1053 643 1136 quis
675 1049 835 1116 alius
859 1087 881 1125 2
910 1067 1104 1131 quam
1136 1049 1250 1132 qui
1283 1049 1374 1110 est
1403 1047 1767 1111 membrum
1794 1046 2107 1112 Ecclesiae
2133 1091 2155 1130 2
2185 1050 2261 1112 ad
2302 1048 2512 1112 officia
2538 1066 2661 1126 pu-

268 1134 440 1199 blica
465 1143 962 1217 promoveatur.
1038 1130 1159 1276 {us
1195 1131 1455 1206 statuendi
1488 1145 1668 1212 poenas
1702 1142 1930 1192 contra
1976 1131 2125 1194 illos
2164 1172 2186 1208 9
2253 1131 2365 1214 qui
2404 1133 2471 1194 in
2520 1128 2657 1208 ipso

263 1218 630 1303 Religionis
655 1211 1012 1291 exercitio,
1131 1211 1570 1284 celebratione
1598 1209 1924 1276 sacrorum
1960 1217 2108 1291 Jura
2163 1216 2491 1294 majestatica
2513 1212 2662 1275 vio-

266 1304 403 1374 lant-
420 1321 480 1367 e.
496 1320 555 1386 g.
584 1293 900 1381 tradendo
937 1293 1261 1360 doctrinas
1300 1295 1760 1376 Imperantium
1796 1292 2050 1375 juribus
2084 1294 2348 1358 nocivas
2373 1335 2395 1373 ³
2448 1294 2662 1359 rebel-

271 1385 530 1449 lionum
572 1379 929 1449 incentivas
956 1378 1080 1443 &a
1107 1381 1229 1463 Jus
1267 1379 1468 1464 legatos
1498 1376 1588 1443 vel
1621 1381 1977 1460 commaeffitrios
2008 1379 2245 1440 mittendi
2287 1378 2357 1439 ad
2407 1381 2668 1452 Conciliat.

264 1464 698 1532 confirmandi
729 1465 1022 1528 Canones
1052 1499 1076 1538 2
1119 1461 1181 1528 &
1214 1459 1474 1524 decreta
1500 1500 1524 1538 2
1591 1459 1861 1523 illorum
1911 1458 2376 1522 observantiam
2432 1477 2667 1543 urgen-

268 1548 358 1616 di.
444 1548 794 1632 Postquam
836 1549 1069 1608 citatus
1101 1542 1372 1608 Author
1442 1552 1572 1606 tam
1611 1541 2025 1624 Reipublicae
2063 1581 2086 1618 2
2125 1562 2315 1624 quam
2358 1543 2668 1607 Societati

267 1633 422 1696 suos
465 1627 914 1696 determinavit
937 1625 1100 1692 fines
1121 1667 1145 1706 ³
1185 1628 1371 1690 suum
1391 1623 1661 1710 systema
1694 1625 1966 1692 ulterius
1992 1625 2408 1707 prosequitur
2429 1665 2454 1702 ,
2483 1625 2666 1708 quod

269 1715 340 1779 in
364 1715 467 1785 his,
488 1713 884 1795 potissimum
900 1709 1185 1773 consistit
1211 1709 1523 1788 capitibus
1554 1730 1568 1769 ε
1613 1705 1752 1793 Jam
1785 1707 1870 1770 ait
1895 1706 2116 1787 positis
2153 1706 2390 1770 finibus
2419 1706 2667 1786 jurium

269 1809 401 1862 tam
439 1798 891 1881 MaJ'estatioorum
915 1811 1106 1875 quam
1140 1789 1494 1875 Collegialium
1519 1836 1538 1863 ,
1571 1808 1696 1856 nec
1735 1789 2134 1870 Respublica
2155 1789 2464 1854 Ecclesiae
2483 1831 2507 1869 2
2544 1810 2667 1856 nec

270 1879 563 1945 Ecclesia
607 1874 1021 1956 Reipublicae
1069 1873 1178 1935 sua
1222 1871 1590 1935 subtrahere
1624 1870 1768 1950 jura
1820 1870 2083 1952 potest,
2126 1873 2406 1937 liberum
2445 1885 2662 1935 tamen

270 1958 734 2027 erit'Ecclefiae
766 1959 874 2019 vel
907 1954 1124 2020 omnia
1147 1995 1172 2033 9
1215 1956 1327 2016 vel
1352 1954 1562 2036 aliqua
1598 1952 1680 2016 de
1714 1953 1836 2016 suis
1864 1954 2113 2026 ‘iuribus
2142 1957 2252 2017 vel
2278 1955 2343 2016 in
2368 1954 2515 2018 suos
2539 1955 2663 2019 Di-

267 2044 600 2120 restoreS,
627 2042 741 2104 vel
772 2037 944 2117 ipsos
987 2041 1377 2119 Imperantes
1415 2034 1762 2100 transferre
1783 2076 1806 2115 2
1834 2034 2194 2100 dummodo
2221 2040 2546 2117 Imperans
2582 2037 2660 2102 fit

266 2126 635 2195 membrum
651 2121 964 2188 Ecclefiae
997 2143 1011 2184 ε
1059 2140 1264 2206 quum
1290 2118 1465 2184 enim
1498 2119 1640 2182 haec
1663 2118 1808 2199 jura
1833 2138 1988 2185 cum
2013 2122 2286 2200 intrinsecis
2336 2120 2406 2194 ξς
2431 2141 2457 2181 e
2491 2125 2664 2184 entia-

270 2206 404 2272 libus
440 2209 551 2272 Reli
590 2211 720 2269 ionis
750 2203 876 2269 smt
901 2221 1237 2279 connexa5
1267 2200 1574 2282 profecto
1601 2221 1674 2264 ea
1715 2221 1908 2266 nemo
1937 2219 2244 2267 exercere
2261 2214 2417 2281 pote
2492 2242 2515 2280 -,
2549 2203 2667 2266 nifi

266 2289 348 2352 sit
377 2308 551 2353 mem
596 2305 744 2350 rum
777 2285 1112 2352 Ecclesiae.
1196 2282 1428 2349 Postea
1464 2281 1542 2345 ad
1567 2283 1768 2363 ipsum
1793 2285 2040 2347 Statum
2060 2283 2374 2354 Ecclefiae
2395 2305 2661 2370 progre-

271 2369 450 2433 ditur
499 2370 561 2434 &
588 2367 865 2450 probat,
909 2366 1092 2461 quod
1132 2364 1408 2432 direfitio
1447 2363 1638 2442 hujus
1682 2364 2018 2429 Societatis
2053 2373 2088 2430 a
2129 2365 2383 2430 Christo
2423 2366 2664 2432 fuerit..

269 2450 600 2518 commissa
627 2448 964 2531 Apostolis
986 2492 1008 2528 ,
1048 2450 1110 2514 &
1146 2448 1407 2529 posthac
1435 2452 1469 2509 a
1492 2447 1682 2526 plebe
1701 2446 2007 2511 Ministris
2025 2448 2335 2511 Ecclesiae
2349 2479 2384 2527 ,—
2407 2448 2492 2512 ita
2523 2451 2664 2534 qui·
2722 2512 2728 2515 .

270 2533 423 2599 dem
455 2575 480 2613 2
514 2545 590 2599 ut
616 2531 916 2618 quaedam
942 2538 1087 2617 Jura
1115 2531 1409 2623 Collegialia
1438 2529 1505 2592 in
1530 2529 1650 2592 hos
1690 2528 1999 2595 Ecclesiae
2034 2529 2416 2597 Direftores
2457 2545 2660 2595 trans-

269 2618 497 2683 tulerit
521 2656 548 2696 ,
586 2615 886 2701 quaedam
923 2627 1139 2679 autem
1179 2612 1293 2676 slbl
1330 2611 1773 2678 reservaverit.
1892 2610 2004 2676 Ad
2047 2611 2191 2692 jura
2232 2612 2662 2681 Direftorum

271 2699 679 2785 pertinebant
694 2699 800 2780 jus
841 2695 1257 2762 convocandi
1288 2696 1623 2773 Concilia,
1650 2695 1879 2760 iisdem
1912 2694 2291 2776 praesidendi
2322 2737 2346 2774 7
2386 2696 2660 2783 dirigen-

273 2782 343 2847 di
371 2782 679 2867 negotia9'
709 2779 1163 2862 proponendi,
1199 2777 1498 2842 ultimato
1521 2776 1774 2858 judicio
1808 2776 2265 2841 concludendi.
2349 2782 2516 2844 Item
2550 2779 2662 2859 jus

274 2862 621 2930 ordinandi
658 2862 912 2942 divina,
941 2863 1046 2942 jus
1073 2859 1543 2926 administrandi
1573 2862 1742 2925 bona
1765 2861 2218 2926 Ecclesiastica.
2269 2860 2413 2942 Iura
2440 2875 2660 2927 autem

272 2945 406 3012 toti
434 2948 596 3010 Coesui
618 2949 879 3026 reservata
906 2957 1085 3009 erant
1116 2944 1439 3028 sequentia
1478 2943 1581 3023 jus
1616 2942 1979 3008 celebrandi
2018 2935 2344 3023 Concilia,
2374 2945 2436 3010 &
2468 2944 2659 3010 dandi

274 3026 669 3111 suffragium.
697 3027 808 3110 (a)
928 3048 1004 3092 us
1027 3025 1628 3091 excommunicandi
1658 3069 1680 3106 >
1725 3030 1785 3092 &
1827 3024 2264 3106 proscribendi
2295 3028 2582 3092 membra
2617 3032 2659 3092 e

274 3113 394 3176 suo
429 3124 629 3174 coetu.
657 3108 776 3194 (b)
896 3129 970 3173 us
1005 3109 1358 3191 recipiendi
1394 3151 1417 3187 2
1457 3111 1515 3173 &
1547 3109 1940 3189 postliminio
1981 3107 2360 3183 admittendi
2396 3109 2471 3174 ad
2518 3131 2654 3175 coe-

277 3208 420 3260 tum
444 3192 853 3274 poenitentes,
884 3192 998 3276 (c)
1083 3193 1197 3281 Jus
1224 3191 1502 3341 eligeindi
1530 3194 1836 3259 Ecclesiae
1873 3191 2238 3275 MinistroS,
2269 3192 2660 3289 dispensandi

1441 3293 1478 3358 3
2542 3296 2661 3342 mi-

279 3393 357 3459 (ι)
397 3387 502 3439 A&
518 3403 535 3438 ι
551 3403 595 3449 5.
615 3384 695 3440 nbi
721 3385 908 3452 populu·
927 3402 1034 3439 cum
1052 3386 1300 3454 Αροίὶοὶἰσ,
1322 3393 1368 3440 δε
1396 3386 1649 3439 Senioribus
1672 3386 1832 3439 sustulit
1855 3384 2175 3439 observantiam
2206 3387 2433 3454 legalium,

281 3459 371 3524 (b)
407 3458 477 3509 sie
497 3454 731 3520 Apostolus
763 3472 805 3505 ι.
823 3458 935 3511 Cor.
950 3462 1006 3508 V.
1032 3460 1268 3520 exprobrat
1295 3458 1549 3520 Corynthiiu
1570 3491 1583 3516 ‚
1600 3458 1724 3522 quod
1745 3457 2037 3507 incestuosum
2058 3473 2153 3506 non
2175 3460 2401 3514 ejecerint.

284 3528 366 3594 (c)
403 3543 449 3575 2.
471 3526 671 3584 Cotya·
700 3522 774 3570 ubi
797 3537 923 3588 rogat
941 3554 959 3581 ,
988 3539 1037 3573 ιιι
1062 3525 1351 3574 incestuosum
1386 3527 1431 3571 in
1462 3527 1832 3579 communionem
1863 3525 2110 3593 recipiam:
2138 3538 2322 3595 propter
2348 3526 2469 3595 qnod
2485 3526 2655 3594 obsecro

420 3595 497 3642 §u
516 3621 532 3651 ‚
558 3602 607 3641 ue
629 3591 893 3656 confirmetis
912 3602 964 3646 in
991 3592 1115 3644 illum
1140 3592 1432 3649 charitatem.
