2970 3918
948 148 1061 225 De
1090 143 1473 224 I-Beraercbi’a
1502 142 1921 241 Ecclesiasticae.
2484 164 2562 230 ¹5
2578 171 2613 244 ¹5
2663 94 2668 99 ⁸

243 303 371 379 bus
397 316 696 388 tanquam
711 302 927 387 primo
954 298 1376 365 subordinatis
1411 298 1555 363 sunt
1583 297 1812 368 locuti.
1840 296 1950 381 (a)
2046 289 2439 442 suffragatur
2464 313 2635 360 con-..-

250 388 430 451 tinua
467 386 724 451 traditio
761 393 796 448 a
820 397 1115 464 tempore
1144 381 1622 463 Apostolorum
1662 379 1739 444 ad
1763 400 1883 444 nos
1910 395 2118 462 usque
2152 389 2245 440 tra
2293 376 2443 443 ufta
2479 417 2505 455 2
2545 397 2627 441 ex

247 491 376 556 qua
412 467 660 533 constat
683 507 710 545 ,
752 465 933 552 quod
962 467 1030 530 A
1123 462 1269 528 stoli
1294 463 1588 544 pn‘mitus
1618 503 1643 542 2
1687 463 1907 545 postea
1932 461 2198 526 illorum
2235 458 2626 531 successores

248 557 438 617 talem
462 564 826 633 tantamque
845 558 1002 629 pote
1058 559 1222 610 atem
1246 547 1312 610 in
1341 545 1726 624 Ecclesiam,
1745 547 1806 613 &
1831 548 1898 610 in
1925 556 2202 608 caeteros
2226 562 2449 610 omnes
2477 545 2626 608 Cle·

250 637 421 700 ricos
452 630 858 697 exercuerint
879 669 901 707 ,
928 643 1004 692 ut
1033 628 1080 691 si
1104 629 1246 692 haec
1264 630 1533 692 illorum
1554 631 1828 708 potestas
1857 669 1880 708 ,
1900 647 1976 690 ac
1994 626 2144 706 jura
2165 645 2318 690 cum
2349 626 2627 709 potesta-

247 731 312 782 te
339 729 729 785 caeterorum
759 711 1165 776 Clericorum
1212 723 1624 790 comparetur
1648 750 1672 788 2
1711 711 1885 776 idem
1914 710 2038 773 ess'e
2064 707 2364 773 videatur
2389 749 2413 788 ,
2463 728 2538 774 ac
2576 708 2627 772 si

246 795 673 864 tenuissimum
699 793 987 862 rivulum
1012 810 1166 856 cum
1192 791 1503 856 immenso
1531 794 1801 858 Oceano
1825 793 2314 873 comparaveris·
2401 792 2627 858 Liceat

247 876 544 947 immensa
557 875 1029 958 Episcoporum
1043 875 1104 941 &
1118 875 1333 938 munia
1351 875 1413 939 &
1428 874 1575 954 jura
1599 878 1855 955 prorsus
1882 873 2310 940 sublimissima
2333 875 2401 938 in
2419 894 2625 941 unum

247 963 424 1048 quasi
447 961 785 1026 cumulum
805 957 1136 1040 conjicere
1167 978 1182 1019 ε
1227 956 1540 1049 Nunquid
1564 957 1734 1023 enim
1765 960 1827 1026 &
1845 957 2162 1039 Apostoli
2190 957 2634 1038 &ApostoIoe

246 1066 395 1110 rum
436 1041 843 1110 Succeffores
881 1040 1259 1105 ordinarunt
1295 1038 1651 1120 Episcopos
1688 1042 1748 1106 &
1776 1041 2200 1126 Presbyteros
2229 1059 2347 1122 per
2383 1039 2629 1106 diversa

252 1131 399 1193 loca
420 1167 444 1207 ,
477 1135 784 1190 rexerunt
798 1124 1158 1214 praecipuas
1189 1119 1501 1186 Ecclesias
1533 1141 1666 1185 non
1688 1143 1805 1203 per
1832 1142 2026 1186 unam
2057 1123 2285 1188 urbem
2310 1164 2334 1202 2
2376 1122 2485 1188 sed
2511 1143 2627 1205 per

253 1212 385 1275 inte
494 1229 522 1272 s
558 1205 923 1288 provincias
941 1247 966 1287 ³
996 1225 1134 1270 non
1171 1225 1291 1285 pei·
1325 1203 1690 1286 provincias
1727 1204 1930 1268 modo
1959 1245 1983 1283 3
2009 1203 2116 1269 sed
2142 1208 2332 1270 etiam
2358 1226 2474 1286 per
2499 1226 2626 1270 am-

299 1293 342 1356 ii
398 1312 519 1355 ima
546 1294 773 1375 Regna
798 1327 821 1368 ,
864 1309 940 1354 ac
965 1285 1303 1355 Dioeceses
1334 1286 1588 1351 diffusas
1611 1328 1634 1367 ,
1672 1286 1734 1354 &
1751 1326 1776 1365 7
1800 1286 1855 1375 si
1889 1289 1976 1351 ita
2003 1287 2221 1352 dicere
2245 1290 2435 1352 liceat
2457 1330 2482 1367 ,
2506 1287 2628 1353 dif-

253 1314 581 1440 fusiffimas
609 1414 632 1453 2
663 1372 1091 1453 dispensam-int
1123 1370 1337 1435 officia
1357 1410 1382 1449 ,
1425 1371 1639 1434 munia
1659 1410 1684 1449 ,
1724 1370 1787 1435 &
1812 1369 2133 1435 beneficia
2168 1370 2627 1452 Ecclesia-stica,

250 1459 600 1524 Primatum
629 1470 900 1523 tenuere
924 1455 989 1518 in
1019 1453 1331 1520 Conciliis
1349 1494 1373 1532 ,
1400 1453 1713 1536 praecipui
1733 1451 1919 1517 fuere
1942 1451 2511 1518 Administratores
2527 1457 2632 1520 Sa·

251 1551 733 1605 ciamentorum
755 1537 1058 1622 Baptismi
1089 1538 1151 1604 δι
1173 1534 1701 1630 Ενεὴιήίὶὶᾶὶἰῖι
1724 1548 1800 1599 ut
1826 1536 1958 1600 {ine
1995 1533 2400 1622 delegatione
2433 1549 2630 1603 eaete-

255 1625 340 1688 ris
376 1623 644 1687 Clericis
668 1641 792 1685 nec
825 1621 1148 1703 baptizare
1170 1661 1196 1700 ‚
1226 1639 1348 1684 nec
1375 1619 1701 1684 celebrare
1733 1619 1978 1683 Missam
2005 1620 2263 1685 licuerit
2286 1660 2309 1700 >
2378 1619 2632 1685 uaedam

251 1709 650 1771 Sacramenta
678 1704 791 1786 ipsi
819 1704 937 1769 soli
965 1706 1066 1770 uti
1082 1708 1559 1768 Sacramentum
1588 1701 2116 1767 Confirmationis
2144 1702 2206 1769 δῖ
2231 1706 2330 1768 Or
2376 1702 2495 1767 inis
2523 1702 2631 1767 ad·-

249 1788 679 1852 ministrarunt
696 1828 720 1866 ,
747 1787 1095 1869 supremam
1122 1786 1401 1849 habuere
1431 1804 1651 1849 curam
1667 1785 1999 1850 bonorum
2010 1784 2634 1865 Ecclesiasticorum,

248 1870 582 1937 visitarunt
609 1870 942 1934 Dioeoeses
960 1895 990 1945 2·
1011 1886 1367 1932 exercuere
1384 1866 1903 1947 jurisdiftionem
1930 1868 1996 1931 in
2023 1868 2221 1933 causis
2244 1881 2633 1933 controver⁸

249 1950 329 2017 sis
355 1993 380 2031 ,
421 1970 655 2037 easque
690 1953 757 2015 in
792 1952 902 2016 sua
939 1950 1303 2033 Episcopali
1341 1949 1662 2014 audientia
1703 1950 2004 2016 ultimato
2030 1949 2296 2031 'judicio
2334 1951 2634 2016 termina-

252 2050 405 2098 runt
430 2035 550 2101 &c.
638 2033 766 2100 Sed
787 2033 870 2099 de
907 2032 1318 2117 liis-pluribus
1340 2031 1504 2098 infra
1535 2074 1558 2112 ,
1601 2033 1716 2099 ubi
1742 2032 2178 2120 quadruplicis
2250 2035 2459 2099 eneris
2488 2033 2634 2114 jum

247 2116 646 2199 Episcopalia
667 2137 804 2181 non
834 2116 998 2181 nihil
1021 2115 1377 2181 accuratius
1415 2114 1878 2197 expendemus.
1961 2122 2191 2203 Atque
2276 2134 2377 2182 tec
2422 2118 2636 2181 omnia

252 2200 321 2264 in
342 2220 555 2270 unum.
573 2206 910 2278 cumulum
939 2199 1240 2277 confir-‘ka
1271 2218 1347 2261 an
1387 2211 1521 2262 non
1552 2199 1950 2281 superiorem
1991 2199 2277 2267 Gradum
2303 2200 2415 2265 seu
2438 2199 2635 2265 Ordi-

253 2282 352 2343 nis
378 2280 488 2344 seu
521 2280 688 2368 Juris
739 2279 993 2346 'Etionis
1023 2299 1286 2373 arguere
1309 2279 1702 2347 videantur?
1743 2302 1905 2346 anne
1945 2283 2089 2347 haec
2119 2281 2492 2347 officiorum
2529 2282 2637 2365 ju·

253 2363 555 2446 riumque
595 2363 708 2446 sup
818 2361 1164 2427 bundantia
1190 2380 1365 2424 mera
1391 2364 1874 2449 Presbyteratus
1905 2364 1981 2427 sit
2010 2364 2299 2428 extensio
2328 2404 2353 2444 9
2398 2366 2460 2430 &
2498 2385 2636 2448 non

252 2447 471 2528 potius
505 2445 691 2531 origo
715 2487 742 2524 2
777 2445 925 2511 fons
961 2447 1023 2510 &
1059 2442 1577 2509 abundantissima
1606 2445 1929 2510 Ordinum
1953 2488 1975 2525 3
2009 2448 2069 2513 &
2098 2446 2639 2531 dignitatumEc-

254 2526 739 2593 cleliasticarum
766 2527 1110 2609 plenitudo
1141 2526 1268 2590 dici
1298 2542 1622 2592 mereatur
1650 2534 1678 2595 ’ἑ
1731 2530 1997 2595 emicuit
2036 2529 2191 2595 haec'
2213 2530 2637 2612 Episcopatus

256 2610 623 2675 inexhausta
653 2611 995 2692 plenitudo
1025 2612 1090 2676 in
1116 2608 1408 2691 Christo,
1444 2611 1559 2696 qui
1582 2610 1829 2676 idcirco
1875 2613 1951 2675 ab
1985 2611 2316 2693 Ap‘ostolo
2357 2628 2637 2679 vocatur

258 2698 521 2774 Episcopus
540 2698 828 2756 animai-um
844 2698 1168 2772 nostrarum,
1202 2694 1552 2770 exundavit
1576 2694 1719 2758 haec
1742 2695 2020 2778 primum
2048 2695 2390 2777 plenitudo
2416 2698 2637 2764 Sacer-

259 2772 422 2838 dotii
454 2779 488 2836 a
511 2774 765 2839 Christo
797 2778 861 2841 in
892 2776 1351 2858 Apostostolos
1379 2817 1403 2856 ,
1433 2777 1511 2839 ab
1540 2776 1634 2841 his
1663 2778 1727 2840 in
1758 2777 1904 2842 suos
1932 2777 2317 2844 successores
2347 2819 2369 2858 9
2403 2779 2636 2863 quibus

256 2855 560 2939 profesto
584 2875 717 2919 non
740 2858 921 2921 unius
947 2861 1428 2935 Presoyteratus
1456 2860 1891 2926 extensionem
1907 2901 1932 2938 a
1950 2860 2059 2926 sed
2083 2860 2392 2925 infinitam
2421 2885 2645 2947 quam·

259 2939 403 3003 dam
442 2937 926 3033 sacerdotalium
961 2939 1373 3006 funffionum
1402 2983 1426 3020 7
1463 2941 1704 3024 jurium
1735 2943 2139 3027 singularium
2167 2985 2191 3024 2
2220 2945 2281 3010 δε
2315 2946 2642 3030 regiminis

259 3022 689 3087 Ecclesiastici-
712 3024 1106 3104 opulentiam
1131 3025 1472 3090 infuderat.
1519 3027 1626 3089 Ab
1661 3025 1780 3091 hac
1803 3027 2084 3096 scatebra
2101 3042 2436 3092 manarunt
2461 3026 2643 3094 dein·

259 3124 339 3169 ce
386 3125 410 3168 s
435 3104 801 3169 rivulorum
834 3106 1021 3169 instar
1060 3106 1393 3201 dignitates
1442 3108 1502 3174 &
1533 3107 1794 3173 ordines
1831 3129 2055 3175 omnes
2095 3111 2460 3204 Episcopali
2494 3112 2643 3192 jure

262 3187 326 3251 in
362 3190 625 3253 erioreS.
697 3192 919 3274 ltaque
940 3197 974 3252 a
1002 3210 1143 3255 veri
1167 3190 1578 3256 similitudine
1598 3194 1830 3272 procul
1855 3192 2036 3272 sunt,
2115 3213 2182 3257 ui
2210 3194 2340 3258 sola
2372 3196 2646 3290 Presby-

263 3271 411 3337 terii
439 3270 811 3337 extensione
841 3273 1127 3340 constare
1165 3275 1619 3363 Episcopatum
1650 3287 2032 3355 autumant,
2121 3295 2235 3343 um
2261 3289 2528 3345 econtra
2572 3282 2648 3342 ll·-

2526 3361 2642 3429 lud

262 3476 347 3545 (a)
393 3479 565 3601 {aaa
582 3478 810 3596 anagnin
850 3477 1116 3546 catalogu-
1149 3480 1324 3528 fnum
1364 3474 1496 3529 affere
1528 3460 1806 3541 ιΒὸιιριιηιο
1837 3472 2110 3543 Angue-nus
2134 3465 2235 3525 Lib·
2255 3490 2302 3530 ι.
2329 3474 2463 3545 Origi-
2486 3475 2653 3533 letius.

431 3561 508 3595 .ι.
625 3563 674 3613 q.
