2970 3918
1004 107 1117 181 De
1145 101 1527 182 fferarchia'
1555 100 1979 202 Ecclesiastico.
2570 132 2603 184 1
2621 137 2652 184 2
2675 135 2695 187 ι

326 265 403 330 lis
436 261 693 348 obtigit,
722 259 1068 346 eidemque
1095 259 1172 323 ad
1197 258 1408 326 nostra
1432 278 1644 345 usque
1670 269 1967 342 tempora
1992 254 2283 339 inhaesit,
2302 256 2525 326 'donec
2548 280 2704 342 pau-

324 349 415 412 cis
439 347 669 411 abhinc
686 345 862 410 annis
887 344 1005 410 lite
1022 343 1193 408 inter
1203 343 1668 410 Sereniffimam
1683 342 1986 408 Domum
2000 342 2402 410 Austriacam
2421 343 2483 409 &
2502 347 2705 412 Rem-

321 431 646 514 publicam
671 429 995 495 Venetam
1029 424 1387 506 composita
1424 425 1885 492 Patriarchatus
1923 425 2356 511 Aquilejenfis
2386 428 2604 514 quoad
2629 433 2710 496 ti·-

324 518 535 579 tulum
578 511 778 576 fuerit
810 510 1188 590 suppressus
1293 513 1534 572 Honor
1580 508 1900 593 dignitatis
1943 510 2380 577 Patriarchalis
2418 514 2708 579 successu

323 595 636 678 temporis
657 594 790 658 aliis
819 593 1009 657 etiam
1033 591 1478 670 Metropolitis
1505 592 1567 656 δε
1593 591 1896 658 Ecclefiis
1923 592 2059 656 obti
2108 594 2190 673 't,
2220 614 2374 680 quas
2399 595 2570 661 inter
2592 618 2707 663 ve-

323 680 419 744 nit
440 676 800 743 Patriarcha
836 671 1194 742 GradenfiS.
1297 675 1475 737 Huic
1508 675 1965 740 Patriarchatui
1994 612 2388 743 inffituendo
2424 681 2710 747 occafio⁴

322 780 474 826 nem
510 757 831 824 dederunt
866 756 982 838 ipfi
1025 754 1411 848 Patriarchae
1445 756 1897 842 Aquilejenses
1917 797 1942 837 ³
1981 761 2094 844 qui
2121 760 2711 847 Longobardorum

317 840 834 922 incursionibuS,
879 841 940 908 &
963 837 1507 905 devastanombus
1532 841 1860 921 perterriti
1881 838 1957 905 ad
1984 843 2261 909 Insulam
2288 845 2483 911 Gradi
2511 847 2711 916 seces-'-

318 927 575 1006 serunt,
618 923 993 1011 ibidemque
1015 921 1256 987 diutius
1292 941 1504 986 moras
1526 933 1858 987 traxerunt
1877 965 1900 1003 2
1943 943 2018 991 ac
2050 925 2313 991 demum
2340 930 2418 993 ad
2447 934 2711 1012 propria

316 1008 653 1076 redierunt
672 1004 1164 1095 aLongobardis
1182 1002 1327 1086 ipsis
1353 1005 1669 1069 revocati.
1755 1006 1867 1069 Ab
1899 1027 1984 1070 eo
2013 1019 2313 1090 tempore
2338 1015 2537 1078 Gradi
2555 1017 2710 1098 Epi-

318 1094 554 1174 scopus
591 1091 893 1174 proprius
939 1089 1032 1155 est
1066 1087 1454 1154 constitutus
1479 1128 1504 1167 2
1548 1088 1610 1152 &
1651 1091 1849 1168 paulo
1882 1090 2042 1183 ’post
2083 1091 2387 1177 dignitate
2435 1099 2708 1163 Patriar-

320 1176 488 1243 chali
510 1189 771 1240 ornatus
798 1175 924 1239 suit
938 1216 961 1254 3
979 1175 1200 1257 sicque
1230 1171 1693 1236 Patriarchatus
1716 1172 1784 1235 A
1829 1175 2150 1252 uileJenfis
2176 1176 2243 1240 in
2259 1176 2423 1243 duos
2446 1179 2710 1250 divisus.

320 1264 522 1326 Novo
550 1259 703 1323 huic
727 1257 1111 1323 Patriarchae
1136 1254 1634 1335 subjiciebantur
1659 1253 1786 1336 Epi
1813 1255 1964 1336 copi
1992 1265 2133 1320 turn
2160 1260 2254 1325 illi
2269 1301 2293 1338 2
2333 1261 2448 1347 qui
2464 1269 2501 1328 a
2518 1263 2711 1330 schis-

321 1355 491 1407 mate
526 1341 920 1423 resipuerant
937 1382 959 1421 ‚
1001 1354 1144 1405 tum
1170 1339 1283 1425 qui
1306 1357 1636 1423 nunquam
1652 1338 2168 1406 acommunione
2194 1339 2623 1428 deflexerant,
2647 1351 2714 1417 δε

319 1426 415 1493 illi
447 1445 714 1503 omnes)
751 1425 863 1510 qui
889 1424 1202 1490 Romanis
1237 1426 1333 1486 Im
1384 1421 1745 1488 eratoribus
1782 1420 2101 1487 suberant.
2209 1428 2460 1493 Placuit
2495 1443 2716 1505 autem

319 1531 502 1574 novo
519 1509 842 1590 Episcopo
866 1505 1290 1590 superaddere
1362 1505 1692 1590 ignitatem
1723 1505 2253 1590 Patriarchalem,
2281 1523 2355 1574 ut
2377 1513 2710 1597 Episcopi,

320 1594 436 1679 qui
459 1592 939 1657 communionis
961 1590 1417 1656 retinentiores
1441 1587 1696 1653 fuerant
1711 1629 1734 1668 2
1769 1589 1832 1654 ὅτ.
1864 1591 2178 1657 Romanis
2206 1609 2546 1674 paruerant
2570 1612 2713 1666 tum

317 1675 749 1744 Pontificibus
767 1716 790 1754 2
833 1689 976 1740 tum
995 1673 1498 1755 Imperatoribus
1529 1670 1820 1751 ejusdem
1848 1670 2120 1750 honoris
2161 1675 2226 1740 δε
2259 1679 2539 1745 nominis
2569 1685 2719 1747 Me-

319 1759 700 1841 tropolitam
734 1759 1077 1837 haberent,
1120 1755 1305 1836 cujus
1333 1769 1468 1820 erat
1506 1756 1935 1836 Metropolita
1972 1776 2242 1837 eorum,
2288 1761 2401 1844 qui
2446 1763 2712 1851 Longo-

318 1843 668 1908 bardorum
681 1842 966 1923 Principi
988 1842 1320 1920 parebant,
1339 1858 1462 1903 nec
1484 1842 1518 1901 a
1543 1836 1890 1903 schismatis
1916 1839 2266 1919 pertinacia
2294 1844 2715 1916 recedebant.

316 1925 722 2009 Ampliffima
751 1936 887 1988 erat
922 1923 1198 2006 potestas
1236 1920 1622 1986 Patriarchae
1664 1921 2001 1987 Gradenfis
2021 1964 2043 2002 2
2086 1923 2149 1989 δι
2170 1944 2289 2006 per
2321 1945 2550 1995 omnes
2571 1934 2715 1997 Ve-

317 2021 623 2074 netorum
654 2007 934 2073 ditiones
961 2003 1556 2072 circumferebatur.
1640 2003 1940 2070 Tandem
1961 2006 2270 2072 Nicolaus
2287 2011 2380 2075 V.
2402 2014 2715 2081 Pontifex

315 2093 475 2157 vitae
505 2089 871 2171 sanffitate‚
914 2091 975 2156 &
1005 2087 1249 2155 meritis
1273 2092 1348 2154 B.
1386 2086 2083 2235 Laurentitijjustiniani
2107 2092 2527 2161 Venetorum
2556 2101 2713 2182 Epi-'-

311 2176 495 2257 scopi
536 2184 877 2257 permotus
914 2171 1420 2239 Patriarchatum
1463 2168 1676 2237 Grade
1750 2191 1855 2237 em
1893 2173 2209 2242 Venetias
2249 2180 2529 2244 trastulit
2546 2182 2585 2267 ζ
2599 2184 2707 2268 a).

317 2265 476 2346 Quo
505 2268 803 2337 tempore
830 2256 1081 2335 Gothi,
1111 2255 1174 2320 &
1197 2251 1616 2338 Longobardi
1646 2256 1796 2320 suos
1819 2258 2276 2340 Metropolitas
2301 2264 2570 2330 nomine
2599 2269 2714 2331 Pa-

317 2339 618 2407 triarchae
644 2349 1038 2412 exornarunt
1058 2379 1082 2417 2
1130 2334 1414 2402 eundem
1457 2336 1724 2401 titulum
1752 2339 1921 2405 Galli
1961 2343 2416 2423 Metropolitae
2446 2345 2714 2433 Lugdu-‚2

319 2425 497 2489 nenfi
518 2423 585 2487 in
604 2423 858 2487 Concil.
885 2418 1336 2487 Matisconenfi
1367 2438 1465 2484 an.
1491 2429 1631 2496 585.
1662 2422 1992 2486 celebrato
2019 2427 2464 2492 contulerunt.
2553 2434 2713 2498 Suc-

317 2507 492 2573 ceffu
516 2506 832 2587 temporis
862 2504 978 2585 ipsi
1018 2502 1374 2569 Pontifices
1402 2503 1667 2567 titulum
1694 2505 2081 2572 Patriarchae
2110 2506 2561 2591 dispensarunt.
2606 2518 2714 2583 Sic

318 2592 627 2658 Nicolaus
658 2593 708 2654 1.
737 2587 815 2652 ad
843 2587 1195 2653 instantiam
1217 2589 1646 2671 Bulgarorum
1668 2586 1760 2651 eis
1787 2591 2211 2657 Patriarcham
2235 2592 2435 2661 dedit.
2523 2598 2712 2667 Idem

320 2673 674 2749 dicendum
693 2671 778 2738 de
807 2671 1172 2738 Patriarcha
1201 2670 1507 2736 Lusitano
1535 2711 1560 2755 >
1601 2669 1834 2736 Indico
1867 2673 1990 2739 διο.
2028 2695 2195 2761 quos
2234 2678 2590 2747 Pontifices
2633 2685 2712 2748 ti-

317 2759 465 2821 tulo
498 2754 884 2822 Patriarchae
921 2766 1336 2822 exornarunt.
1438 2754 1640 2821 Hisce
1669 2753 1816 2820 addi
1853 2758 2107 2839 possent
2136 2760 2459 2827 innumeri
2493 2765 2709 2850 Asiae,

323 2838 614 2924 Africae,
650 2839 715 2908 &
743 2841 1034 2926 Europae
1063 2836 1454 2908 Patriarchae
1470 2879 1494 2922 2
1520 2837 1602 2903 de
1629 2837 1860 2925 quibus
1890 2841 2027 2910 vid.
2053 2844 2509 2915 ThomasmuS.

1348 3010 1431 3128 ς».
1488 3009 1690 3099 vm.

319 3181 542 3317 ther
553 3179 890 3262 primarios
914 3179 1316 3246 Hierarchiae
1338 3177 1803 3248 Ecclefiasticae
1825 3180 2134 3247 Praelatos
2151 3177 2302 3263 jure
2331 3187 2584 3270 optimo
2612 3210 2714 3257 re-

415 3265 578 3349 poni
605 3277 940 3330 merentur
963 3261 1183 3349 Legati
1209 3265 1541 3331 Pontificii
1566 3305 1591 3345 2
1622 3265 1896 3331 maxime
1918 3306 1943 3346 7
1982 3265 2030 3330 fi
2067 3285 2299 3334 eorum
2326 3273 2712 3353 potestatem

322 3350 506 3417 exiis
532 3346 715 3420 fastis
743 3347 1150 3415 dimetiamur
1171 3388 1198 3432 >
1240 3349 1475 3439 quibus
1516 3350 1681 3417 Saec.
1716 3367 1811 3416 10.
1847 3369 1953 3417 Μ.
1984 3366 2082 3420 12.
2109 3369 2207 3436 13.
2232 3353 2353 3424 dcc,
2396 3357 2710 3424 inclarue-

1516 3435 1584 3519 Q
2539 3455 2708 3518 runt,

323 3527 404 3598 (ι)
444 3533 615 3581 Pan-m.
634 3527 714 3577 lib.
740 3544 780 3576 ι.
807 3542 907 3593 cap.
934 3544 1016 3591 ²4·
1039 3530 1084 3579 aa
1110 3542 1190 3593 ²5·

432 3837 463 3852 l
