2970 3918
966 106 1081 182 De
1097 103 1484 226 Hierarcbia
1502 98 1926 217 Ecckfidstica.
2485 116 2529 169 Ἀιι·
2552 118 2642 189 27

251 258 468 324 fuisset
500 259 941 346 tranquillitati
974 299 1001 338 9
1040 260 1108 325 &
1139 259 1283 340 paci
1309 259 1650 344 utriusque
1682 254 1991 322 Ecclesiae
2032 252 2352 346 Romanae
2386 250 2447 315 &
2470 252 2647 344 Con-

251 344 860 426 stantinopolitanae9
874 342 922 405 si
935 342 1356 422 Apocrisiarii
1375 341 1897 423 jurisdistionem
1921 334 2430 405 Patriarcharum
2443 337 2646 396 aliun-

252 426 336 490 de
364 426 660 508 supreme
696 425 1202 506 superbientium
1229 428 1487 489 turbare
1515 424 1884 490 voluissent.
1970 420 2363 500 Exemplum
2397 422 2432 479 a
2454 417 2614 480 Tho
2638 436 2648 481 ¹.

253 510 494 572 masmo
532 513 789 574 allatum
814 526 1039 586 parum
1076 508 1308 586 probat
1343 549 1366 587 9
1421 509 1568 591 quia
1608 507 1902 591 Pelagius
1953 505 2142 569 illum
2187 501 2411 567 aetum
2446 499 2647 586 Jnris-

252 589 555 655 distionis
590 611 671 654 ex
695 588 947 668 speciali
970 587 1373 673 delegatione
1403 591 1632 674 Vigilii
1662 590 2000 656 Pontificis
2033 607 2115 651 eo
2146 596 2443 667 tempore
2468 585 2647 647 Con-

248 672 667 755 stantinopoli
692 670 978 757 degentis
1005 671 1315 735 exercuit.
1386 674 1773 752 Opportuna
1807 674 1914 738 hic
1953 673 2136 736 foret*
2174 667 2428 733 occasio
2458 683 2647 752 agen-

254 753 320 816 di
355 752 438 818 de
474 759 843 829 Vicum-Sedis
869 756 1166 846 apostolice
1190 793 1214 831 9
1254 766 1489 835 utpote
1524 756 1758 839 quibus
1797 751 2321 837 correspondent
2345 748 2649 822 hodierni

251 844 323 898 Le
360 839 437 899 ati
467 841 624 901 Nati.
699 839 1026 921 Quonlam
1057 855 1224 899 vero
1252 835 1333 901 de
1368 837 1441 900 iis
1475 835 1836 920 specialiter
1866 839 2070 908 asturi
2104 836 2319 903 sumus
2349 875 2373 915 9
2404 833 2483 898 ad
2527 831 2648 898 alia

251 855 441 982 ntfiais
476 919 602 983 erit
630 916 1139 1000 properandum..
2337 986 2340 987 γ
2585 923 2593 927 ”

424 1005 526 1068 Ex
557 1001 743 1067 diffis
785 1001 1034 1065 constat
1059 1043 1081 1080 9
1131 999 1530 1084 antiquiores
1562 1004 1805 1085 legatos
1841 1041 1864 1080 9
1908 999 1956 1063 fi
1998 1002 2146 1067 illos
2196 1000 2587 1081 excipiamus
2614 1037 2642 1077 9

255 1084 370 1179 qui
393 1085 474 1148 ad
510 1085 803 1150 Concilia
831 1085 1171 1150 Generalia
1193 1083 1353 1146 milli
1371 1084 1516 1147 sunt
1534 1122 1557 1160 9
1589 1101 1662 1148 ut
1681 1086 1804 1150 illis
1830 1085 2095 1150 nomine
2122 1083 2458 1150 Pontificis
2478 1100 2649 1162 prae·-

248 1167 569 1249 hderent9
593 1171 769 1234 nulla
794 1165 980 1233 fui'ss'e
1010 1166 1354 1239 instruitos
1375 1165 1847 1247 jurisdifftione.
1921 1169 2110 1232 Nova
2142 1182 2361 1232 autem
2383 1164 2645 1249 prorsus

252 1255 615 1335 legatorum
651 1252 893 1333 species
927 1251 1200 1315 invaluit
1228 1258 1262 1314 a
1296 1263 1597 1331 ternpore
1632 1251 1889 1317 Nicolai
1923 1251 1975 1313 l.
2009 1250 2345 1333 Pontificis
2373 1291 2396 1329 9
2438 1255 2474 1312 a
2509 1265 2649 1333 quo

249 1334 441 1418 legati
473 1334 806 1399 Pontificii
837 1335 1008 1399 mitti
1042 1345 1388 1415 coeperunt
1426 1351 1581 1398 cum
1626 1332 1995 1415 ampliffima
2034 1333 2488 1414 jurisdiffione
2513 1371 2537 1410 9
2580 1329 2646 1394 &

250 1428 423 1481 tanta
449 1457 472 1496 9
502 1430 577 1482 ut
602 1417 912 1498 majorem
934 1437 1056 1482 nec
1093 1417 1208 1498 ipfi
1239 1417 1594 1482 Pontifices
1620 1417 1856 1480 habere
1883 1413 2094 1480 videri
2130 1417 2384 1497 pofl'ent
2426 1440 2443 1480 z
2484 1433 2645 1479 con·-

249 1501 571 1564 vocabant
601 1501 899 1587 Concilia
924 1542 946 1579 9
986 1501 1110 1565 illis
1140 1501 1598 1581 praeficiebant,
1623 1498 2143 1581 jurisdifflonem
2168 1500 2645 1581 Episcoporum

250 1583 710 1663 suspendebant
730 1626 753 1662 9
786 1586 1144 1665 Episcopos
1185 1583 1593 1664 deponebant
1621 1625 1644 1662 9
1678 1582 1961 1648 censuris
1996 1583 2416 1663 subjiciebant
2441 1623 2465 1661 9
2503 1598 2646 1644 om-

251 1667 434 1731 nium
468 1667 941 1731 beneficiorum
965 1669 1386 1732 collationem
1414 1667 1529 1731 fibi
1569 1669 1942 1751 arrogabant
1977 1707 2000 1745 9
2043 1667 2270 1731 statuta
2310 1666 2377 1729 in
2411 1681 2643 1747 perpe-

248 1761 440 1813 tuum
465 1749 743 1815 valitura
764 1750 1168 1828 condebant9
1197 1746 1689 1831 procurationes
1719 1748 2062 1815 exceffivas
2099 1749 2458 1834 exigebant.
2501 1749 2645 1812 Ve-

250 1833 510 1898 niebant
537 1853 690 1898 cum
717 1833 962 1917 ingenti
985 1853 1222 1913 pompa
1248 1873 1271 1911 9
1308 1832 1517 1897 induti
1543 1833 1766 1896 habitu
1792 1833 1997 1896 rubro
2022 1875 2046 1913 9
2076 1839 2438 1918 equitantes
2460 1829 2645 1911 supra

249 1916 528 1980 nachum
544 1956 568 1994 9
593 1915 799 1996 stipati
823 1914 1132 2000 militibus
1159 1916 1280 1980 &a
1312 1915 1575 1999 jamque
1596 1915 1900 1996 Episcopi
1928 1916 1990 1981 δι
2014 1914 2555 1998 Archi—Episcopi
2577 1909 2642 1975 se

246 2001 312 2064 se
345 1997 714 2078 juramento
755 1997 1152 2083 obstringere
1179 1997 1497 2062 debebant
1529 2040 1552 2078 9
1597 1997 1784 2081 ⁴quod
1815 1998 2181 2062 neceffarias
2229 1997 2646 2080 procuratio·-

245 2100 361 2150 nes
388 2121 413 2159 9
449 2098 602 2164 quae
628 2090 704 2144 ut
726 2081 1079 2162 plurimum
1099 2081 1370 2145 fuerunt
1403 2080 1746 2147 exceffivae
1763 2122 1786 2161 9
1808 2079 2208 2165 suppeditare
2225 2082 2453 2146 velint.
2477 2084 2646 2144 Haec

241 2183 348 2228 res
377 2162 724 2227 necessario
766 2167 990 2250 graves
1016 2174 1234 2228 motus
1252 2205 1274 2244 9
1319 2166 1380 2231 &
1413 2168 1732 2230 tumultus
1761 2167 2040 2230 excitare
2072 2165 2335 2245 debuit9
2365 2165 2426 2230 &
2454 2164 2643 2229 innu-

244 2245 440 2311 meris
469 2247 751 2329 querelis
781 2247 987 2309 ansam
1014 2247 1330 2325 praebere.
1419 2249 1826 2331 Conquestus
1857 2249 1948 2311 est
1981 2249 2254 2328 desuper
2288 2249 2641 2314 vehemen-

243 2340 349 2391 ter
374 2327 435 2391 S.
468 2326 826 2392 Bernardus
853 2327 920 2391 in
953 2329 1132 2409 epist.
1169 2329 1437 2413 quadam
1461 2331 1537 2394 ad
1563 2331 1933 2415 Eugenium
1963 2335 2080 2396 111.
2109 2331 2337 2413 scripta
2357 2372 2381 2411 9
2411 2331 2484 2393 in
2511 2349 2638 2413 qua

244 2410 451 2491 ipsum
482 2422 709 2476 monet
736 2452 761 2490 9
788 2423 866 2475 ut
890 2411 1095 2475 mittat
1131 2414 1377 2496 legatos
1398 2454 1420 2490 9
1450 2420 1536 2496 qui
1562 2418 1802 2496 Ecctefias
1834 2434 1937 2477 non
1951 2414 2222 2497 spoliant,
2239 2417 2318 2490 fied
2344 2413 2641 2490 emendant,

246 2500 335 2580 qui
361 2496 616 2576 marsupia
641 2515 743 2556 non
783 2492 1101 2558 exhauriunt
1128 2541 1146 2568 ,
1176 2496 1266 2576 sed
1287 2498 1449 2559 corda
1478 2497 1734 2574 reficiunt,
1758 2495 1832 2570 89'
1855 2500 2070 2560 crimina
2098 2498 2341 2581 detegunt
2369 2499 2486 2570 &a
2531 2497 2636 2559 In·-

246 2595 516 2639 numera
540 2574 728 2639 scribi
754 2574 1003 2657 poffent
1031 2575 1113 2640 de
1139 2580 1300 2643 luxu
1335 2619 1358 2657 9
1380 2596 1664 2659 pompa9
1691 2577 1984 2642 abusibus
2005 2579 2067 2644 δε
2084 2579 2441 2646 exceffibus
2466 2580 2636 2663 lega-

249 2669 475 2722 torum
501 2699 525 2738 9
612 2679 955 2753 uamquam
998 2662 1185 2725 multi
1228 2681 1459 2726 eorum
1498 2660 1741 2731 fuerint
1765 2701 1788 2739 9
1838 2661 1952 2746 qui
1998 2661 2104 2726 sua
2142 2662 2457 2743 potestate
2499 2680 2637 2725 non

246 2740 366 2804 nisi
404 2739 471 2801 in
505 2758 566 2804 ae
612 2740 1009 2806 ificationem
1034 2743 1347 2808 Ecclefiae
1374 2744 1469 2807 uli
1499 2743 1787 2828 fimt.(a)
1832 2749 2050 2890 guare
2094 2747 2269 2810 hisce
2301 2745 2640 2828 legationi-

245 2823 367 2887 bus
386 2820 515 2886 sese
542 2823 986 2905 opposuerunt
1013 2829 1227 2923 Reges
1253 2827 1316 2893 δι
1340 2826 1700 2908 Principes9
1730 2829 1869 2892 Arc
1918 2827 2271 2911 i-Episcopi
2290 2829 2349 2895 &
2370 2828 2637 2910 Episco-

246 2906 314 2987 pi
337 2946 359 2983 9
392 2905 486 2968 illi
559 2904 782 2971 uidem
805 2948 829 2987 9
870 2908 1019 2993 quia
1047 2909 1171 2975 suls
1216 2910 1571 2994 provinciis
1601 2910 1659 2973 δι
1689 2909 1952 2974 subditis
1990 2911 2179 2976 valde
2211 2932 2430 2997 graves
2469 2913 2636 2978 acci-

245 2988 510 3067 derant9
591 2989 801 3073 ivero
826 3031 851 3070 9
885 2992 1034 3075 quia
1060 2993 1206 3073 J'ura
1242 2993 1640 3075 Episcopalia
1673 2992 1907 3057 mirum
1938 2991 2004 3057 in
2035 2996 2305 3062 modum
2328 2997 2633 3063 turbave-

243 3085 415 3149 rant,
504 3075 730 3157 Itaque
758 3075 1116 3154 praeprimis
1151 3078 1322 3145 inter
1357 3080 1571 3160 Reges
1623 3074 1882 3160 Angliae
1924 3117 1947 3153 9
1989 3077 2051 3143 &
2102 3077 2456 3144 Pontifices
2508 3081 2634 3146 fuit

243 3167 690 3234 conventum9
719 3175 803 3219 ne
827 3158 1090 3237 posthac
1121 3160 1675 3243 mittantur‘legati
1703 3157 2034 3223 Pontificii
2076 3162 2143 3224 in
2178 3165 2286 3227 An
2333 3162 2481 3228 liam
2515 3164 2632 3228 nisi

247 3236 331 3302 de
374 3237 685 3302 consensu
718 3238 908 3323 ipsius
942 3242 1160 3329 Regis·
1206 3242 1390 3308 Idem
1409 3242 1514 3323 jus
1543 3247 1760 3329 Reges
1783 3243 2024 3309 Scotiae
2066 3245 2179 3311 fibi
2213 3267 2246 3311 a
2294 3258 2627 3314 eruerunt.

2440 3334 2631 3397 Cele-

243 3423 324 3492 (ι)
373 3410 530 3475 Deliis
553 3410 645 3481 vid.
676 3424 887 3506 Claudius
911 3428 1066 3494 Fleury
1084 3461 1099 3487 ,
1123 3435 1168 3483 &
1188 3437 1341 3484 Petrus
1363 3429 1418 3480 de
1440 3434 1593 3483 Marc·
1619 3429 1717 3482 Lib.
1732 3436 1793 3483 V.
1822 3430 1879 3482 de
1911 3434 2158 3491 concordia
2189 3437 2216 3490 i
2252 3454 2353 3509 cap.
2374 3458 2463 3509 47.
2486 3456 2625 3508 usque

383 3494 443 3546 ad
463 3509 565 3563 cap·
589 3503 675 3560 η.
701 3493 776 3548 ubi
795 3497 988 3550 excelsus
1009 3502 1275 3568 Legatonum
1297 3499 1503 3568 graphice
1529 3531 1548 3561 ,
1572 3504 1623 3565 ἅς
1647 3501 1738 3563 fuse
1761 3501 1978 3572 depingit,
