2970 3918
1034 151 1154 246 De
1177 153 1362 232 Statu
1394 148 1684 245 Ecclefiaei
2449 170 2498 226 ¹2
2513 172 2546 239 3

168 310 565 393 amplexatur
601 304 766 387 fuit,
811 314 898 369 rut
920 300 1152 382 majori
1182 323 1337 370 cum
1361 305 1618 391 energia
1644 313 1874 368 contra
1895 295 2550 383 Monarchornachos·²

172 412 460 478 quorum
498 393 763 478 systema
785 387 917 475 imp
1052 384 1276 450 andam
1314 389 1714 469 ass'umpserat
1745 427 1770 466 ,
1819 402 2106 469 pugnare
2141 383 2350 464 poffet
2393 384 2552 450 falso

171 475 533 540 existimans
557 514 583 552 2
622 469 805 557 quod
833 484 916 532 ex
942 487 986 531 o
1033 469 1336 553 ligatione
1358 471 1672 552 Principis
1708 468 2146 554 qualicunque
2176 466 2554 544 resultetex

169 572 352 640 parte
390 554 795 621 subditorum
828 549 935 630 jus
976 550 1308 615 refistendi
1354 554 1635 635 Principi
1684 559 1718 616 a
1753 549 2319 616 Monarhomachis
2371 551 2557 616 affer-

172 655 339 705 tum.
436 637 567 704 Sed
601 634 744 721 quis
766 631 1163 714 prudentum
1192 634 1278 696 ita
1311 655 1598 719 unquam
1632 634 1972 699 somniavit
2003 637 2031 698 ’ἐ
2085 653 2280 697 nemo
2321 653 2556 701 eorum

171 739 460 805 unquam
499 717 830 798 Principes
873 715 1280 796 potestativae
1330 718 1714 782 coercitivae
1754 718 1947 797 ipfius
1991 716 2221 798 populi
2262 715 2560 797 subjecit.

174 803 518 892 Obligatur
545 800 852 881 Princeps
882 796 1090 885 datam
1117 798 1372 885 servare
1397 799 1598 864 fidem
1623 841 1647 880 3
1684 802 1855 863 bona
1881 798 2104 879 &jura
2148 798 2555 868 subditorum

172 885 345 952 tueri
369 924 393 963 >
417 883 823 948 securitatem
848 879 1175 962 publicam
1208 900 1556 961 procurare
1585 922 1608 960 2
1645 883 1732 946 ita
1757 897 1970 946 tamen
1985 924 2010 961 a
2041 893 2117 945 ut
2139 882 2405 948 subditis
2433 885 2556 949 ob-

171 967 392 1064 ligatio
426 963 957 1048 obtemperandi,
994 962 1127 1026 fine
1147 963 1296 1042 jure
1320 975 1532 1028 tamen
1575 967 1747 1049 leges
1772 985 1895 1047 pro
1933 964 2051 1028 suo
2093 965 2283 1029 libitu
2312 966 2562 1032 eliden-

171 1051 239 1117 d1
269 1091 296 1130 2
332 1047 564 1129 injuste
592 1045 1122 1124 contradicendi,
1147 1056 1257 1108 aut
1285 1045 1627 1127 imperium
1657 1051 1722 1109 in
1746 1047 1951 1128 ipsum
1981 1047 2346 1129 Principem
2372 1072 2555 1115 exer-

160 1132 364 1198 'cendi
387 1142 729 1196 remaneat:
816 1128 1128 1194 ProfeEm
1159 1130 1225 1192 in
1250 1129 1346 1192 his
1382 1129 1712 1211 principiis
1732 1129 1894 1191 nihil
1914 1144 2208 1211 apparet,
2233 1134 2414 1215 quod
2449 1144 2561 1197 aut

172 1216 545 1282 authoritati
581 1211 1042 1295 Imperantium
1088 1210 1215 1276 effe
1255 1212 1690 1291 contrarium,
1733 1223 1843 1276 aut
1861 1211 2033 1275 viam
2061 1212 2140 1277 ad
2163 1216 2560 1280 Monarcho-

173 1299 481 1364 machiam
496 1298 779 1362 sternere
794 1295 1099 1379 cuiquam
1113 1291 1324 1360 videri
1339 1295 1546 1376 poffet
1561 1337 1584 1376 2
1611 1314 1815 1381 quum
1836 1306 2103 1358 econtra
2128 1297 2353 1378 opinio
2373 1300 2562 1363 Hob,

175 1381 331 1446 befii
354 1380 527 1444 viam
548 1378 635 1443 ad
651 1376 1201 1445 introducendum
1227 1380 1578 1462 despotismum
1592 1391 1772 1460 paret
1798 1377 2313 1458 spatiofiffimam.
2360 1386 2562 1467 Quae·

172 1463 244 1528 so
292 1484 418 1557 qua
445 1462 696 1528 ratione
727 1460 1129 1526 obtinebitur
1160 1458 1308 1524 finis
1332 1500 1355 1538 9
1380 1480 1578 1544 quem
1604 1462 1720 1526 fibi
1753 1462 1984 1543 populi
2017 1461 2084 1524 in
2113 1461 2560 1530 constituenda

177 1544 457 1610 Civitate
479 1545 802 1626 praefixit,
833 1546 946 1629 qui
981 1555 1160 1607 certe
1190 1542 1347 1605 alius
1385 1563 1521 1605 non
1550 1543 1715 1623 fuit,
1754 1565 1946 1629 quam
1986 1544 2296 1609 recedere
2329 1553 2358 1613 a
2395 1549 2560 1612 statu

175 1629 332 1694 belli
353 1668 377 1703 s
449 1629 511 1694 &
575 1628 898 1692 securitati
961 1626 1244 1707 publicae
1297 1626 1636 1689 consulere
1661 1632 1689 1690 ’ἐ
1780 1627 2144 1709 Quomodo
2195 1630 2568 1699 consultum

176 1711 302 1776 erit
323 1711 642 1776 securitati
667 1710 988 1791 publicae,
1021 1708 1069 1772 fi
1090 1709 1460 1788 Principem
1486 1708 1792 1775 faciamus
1825 1709 1996 1794 quasi
2035 1713 2347 1796 Exlegem
2383 1718 2429 1781 ’ἐ
2452 1727 2564 1780 aut
2639 1718 2643 1720 ’

177 1795 352 1858 enim
381 1793 667 1857 manebit
685 1791 885 1858 hostis
917 1803 1310 1873 perpetuus³
1352 1802 1459 1852 aut
1504 1791 1770 1856 subditis
1808 1792 2005 1855 debet
2054 1793 2207 1858 dare
2246 1795 2446 1860 fidem
2481 1797 2566 1861 de

171 1875 481 1941 servanda
504 1896 662 1970 pace
686 1897 704 1939 τ
732 1873 908 1939 >illud
935 1872 1111 1954 prius
1147 1873 1238 1935 est
1262 1870 1602 1937 absurdum
1619 1914 1642 1952 2
1698 1877 1973 1937 alterum
2000 1895 2166 1939 vero
2210 1880 2562 1944 necessario

178 1959 429 2025 inducit
458 1960 796 2022 vinculum
826 1958 1070 2020 morale
1099 1956 1166 2018 in
1189 1954 1487 2035 Principe
1507 1995 1530 2034 2
1574 1962 1608 2019 a
1634 1975 1769 2040 quo
1802 1957 1866 2020 se
1907 1955 2114 2036 ipsum
2142 1958 2399 2025 solvere
2437 1961 2565 2027 cri-

170 2061 324 2106 men
355 2042 532 2108 foret
556 2038 1008 2125 graviffimum.
1053 2037 1340 2123 Vestigia
1358 2038 1698 2102 Hobbefiii
1726 2039 2086 2125 sequuntur
2114 2041 2416 2109 hodierni
2435 2048 2563 2111 Po·-

172 2123 335 2189 litici
369 2165 395 2202 ³
434 2121 517 2187 de
545 2122 782 2208 quibus
811 2121 879 2186 in
907 2120 964 2201 ζ.
1005 2112 1056 2184 Ϊ.
1089 2120 1364 2184 diximus
1384 2161 1408 2199 2
1438 2121 1533 2184 illi
1570 2142 1804 2204 nempe
1835 2164 1857 2201 2
1878 2123 2009 2207 'qui
2037 2124 2430 2192 Dominium
2469 2132 2558 2192 al-

172 2216 316 2277 tum
347 2206 411 2271 &
436 2206 727 2270 eminens
757 2203 1133 2284 Principum
1166 2205 1354 2269 velut
1389 2202 1655 2269 Idolum
1682 2205 1866 2285 supra
1903 2225 2071 2269 aram
2098 2211 2464 2291 collocant,
2488 2212 2559 2277 &

175 2288 443 2353 subditis
469 2287 709 2368 praeter
740 2285 1013 2350 ferream
1058 2286 1546 2366 obtemperandi
1591 2289 2030 2351 necessitatem
2063 2290 2226 2369 juris
2257 2294 2419 2358 nihil
2449 2310 2560 2358 re-

172 2371 502 2455 linquunt
555 2367 770 2447 Hujus
810 2366 1013 2433 ferme
1048 2368 1372 2448 opinionis
1413 2368 1542 2432 fuit
1582 2374 2023 2454 Houtuynus5
2068 2374 2177 2456 qui
2221 2394 2304 2438 ex
2337 2377 2558 2456 paim,

175 2470 313 2539 quo
345 2451 690 2531 imperium
716 2449 1097 2514 transfertur
1130 2451 1194 2514 in
1242 2449 1609 2531 Principem
1647 2493 1670 2530 9
1715 2452 1876 2516 nihil
1920 2452 2330 2540 obligationis
2370 2457 2437 2520 in
2481 2459 2559 2523 il—⁴

174 2541 310 2600 lum
338 2531 698 2598 transfundi
718 2533 1031 2596 existimat
1058 2574 1082 2611 a
1116 2553 1197 2596 eo
1228 2531 1410 2618 quod
1448 2533 1577 2599 hoc
1602 2547 1829 2599 contra
1866 2534 2313 2603 conditionem
2351 2543 2561 2622 Impe-

68 2628 71 2630 ’
172 2618 368 2683 rantis
393 2615 516 2681 effe
551 2614 869 2681 videatur.
956 2616 1080 2680 Sed
1110 2616 1404 2701 nunquid
1440 2616 1568 2681 hoc
1598 2617 1689 2681 est
1727 2622 1962 2682 tollere
2008 2621 2278 2685 animam
2317 2623 2561 2688 Civsta·

171 2702 254 2765 tis
281 2741 310 2781 2
351 2718 543 2785 quam
571 2700 639 2764 in
672 2697 810 2779 ipso
837 2719 1011 2762 nexu
1042 2699 1216 2764 civili
1254 2700 1778 2766 confistere'mox
1815 2701 2105 2766 dicemus
2132 2707 2160 2767 ’ἔ
2245 2706 2561 2791 Nunquid

172 2787 307 2851 hoc
336 2782 428 2847 est
451 2781 763 2862 inducere
789 2801 1039 2845 novum
1074 2782 1228 2846 belli
1266 2782 1495 2847 statum
1522 2824 1545 2866 ‚
1574 2802 1770 2867 quem
1805 2789 2092 2868 populus
2139 2787 2562 2855 introducen⁴

175 2867 264 2932 do
304 2866 650 2932 Civitatem
674 2863 916 2928 evitare
953 2866 1223 2930 voluit?
1268 2866 1485 2949 itaque
1519 2871 1801 2948 populus
1833 2868 2056 2933 incidit
2093 2870 2156 2931 in
2195 2873 2554 2956 Scyllam..)-

179 2951 336 3015 dum
379 2947 596 3010 voluit
633 2947 838 3011 vitare
878 2947 1248 3033 charybdin.
1337 2949 1498 3013 Alio
1542 2951 1862 3031 principio
1915 2953 2158 3036 regitur
2202 2955 2507 3020 Huberus
2534 2997 2558 3036 2

178 3034 291 3118 qui
316 3031 584 3097 unicum
597 3041 844 3094 tantum
874 3029 1148 3097 admittit
1169 3032 1429 3114 pastum
1445 3052 1525 3096 ex
1544 3053 1616 3096 ea
1638 3033 2030 3114 potissimum
2055 3038 2340 3116 ratione,
2378 3039 2560 3123 quod

177 3114 536 3191 existimet,
575 3132 656 3175 ex
678 3112 867 3194 pasto
892 3112 1291 3199 singulorum
1325 3137 1476 3179 cum
1514 3115 1768 3198 fingulis
1801 3118 1989 3180 etiam
2015 3119 2211 3182 tacito
2242 3141 2398 3185 mox
2430 3123 2562 3187 ori-

178 3198 237 3260 ri
265 3199 685 3269 Dementiam,
733 3196 903 3280 quali
930 3217 1093 3262 vero
1122 3198 1292 3263 inter
1321 3201 1537 3279 plures
1566 3219 1699 3260 non
1725 3199 1917 3280 poliit
1955 3199 2088 3264 dari
2108 3207 2323 3282 societas
2354 3207 2561 3287 aequalis

178 3279 418 3363 absque
460 3277 735 3358 imperio
777 3279 973 3346 civili.
1018 3284 1174 3366 Quo
1215 3281 1545 3362 supposito
1582 3302 1715 3345 non
1763 3282 1876 3348 niss
1917 3284 2348 3366 unico‘pasto
2396 3306 2564 3369 opus

181 3362 305 3427 esse
338 3357 639 3437 videtur,
664 3357 982 3426 mediante
1010 3384 1145 3448 quo
1165 3365 1472 3430 videlicet
1498 3365 1604 3429 illa
1622 3364 1748 3446 ipsa
1770 3366 2123 3447 imperandi
2152 3369 2343 3450 ratio,
2369 3362 2561 3455 q‘uam

179 3447 463 3529 populus
500 3455 683 3511 antea
723 3446 1014 3513 exercuit
1047 3487 1073 3531 >
1128 3449 1196 3516 in
1251 3447 1588 3532 optimates
1622 3490 1645 3533 2
1702 3454 1815 3522 vel
1858 3451 2225 3539 Principem
2268 3453 2564 3521 transfer·-

2433 3547 2562 3605 tur·
