2970 3918
250 198 346 262 74
1102 176 1296 267 Capnt
1331 173 1378 244 l.
1427 178 1497 260 5.
1526 170 1804 247 XXIV.

260 339 539 411 gnatum.
570 325 681 411 (a)
770 324 1073 390 Publicus
1099 323 1533 410 solemnisque
1563 325 1778 390 cultus
1806 326 2006 391 unico
2052 328 2209 393 loco
2250 327 2473 395 affixus
2508 328 2652 397 fue·
2683 339 2687 342 ’

260 426 356 475 rat
382 453 404 489 3
434 431 648 494 neque
681 408 769 471 fas
805 419 938 469 erat
963 408 1214 486 populo
1245 405 1514 491 Judaico
1537 408 1703 471 salva
1732 408 1836 472 sua
1855 410 2206 494 Religione
2231 429 2384 475 eum
2415 412 2532 477 alia
2547 414 2655 478 Ci-

263 494 462 556 vitate
498 494 564 556 in
587 508 777 553 unam
807 488 1202 554 coalescere:
1225 487 1374 551 inde
1404 489 1588 556 venit
1606 529 1630 570 2
1655 499 1730 554 ut
1756 489 2105 558 destrufitio
2136 492 2360 573 templi
2391 493 2656 558 &ever-

262 575 356 639 iio
396 571 801 652 Reipublicae
830 569 1115 655 Judaicae
1142 570 1328 634 simul
1370 571 1431 637 &
1457 572 1654 636 semel
1681 575 2088 659 contingeret
2107 617 2129 655 ³
2155 577 2215 642 &
2240 574 2506 659 Religio
2530 595 2660 640 una

262 679 415 722 cum
448 669 721 736 utraque
748 652 983 717 eodem
1018 654 1190 736 quali
1226 667 1564 718 momento
1601 672 1959 722 corrueret.
1992 660 2109 744 (b)
2226 658 2423 722 Nefas
2463 658 2661 743 igitur

265 753 396 802 erat
432 739 491 801 &
523 735 976 801 Sacerdotibus
1008 737 1066 801 &
1105 737 1393 821 Regibus
1428 738 1672 823 aliquid
1703 738 1785 804 de
1811 740 2025 825 rigore
2054 746 2268 826 legum
2292 741 2660 805 divinarum

259 820 593 885 remittere
625 861 650 899 2
703 838 806 882 eas
841 821 1109 883 alterare
1135 859 1159 898 2
1209 832 1637 888 commutare.
1714 824 2202 888 ‘Sacerdotibus
2248 824 2658 906 competebat

253 904 362 984 jus
394 903 562 966 sacra
591 900 973 981 ordinandi,
1000 902 1291 988 Regibus
1330 904 1742 970 incumbebat
1769 925 1922 970 cura
1955 907 2016 972 &
2055 907 2370 988 inspeffio
2403 926 2661 992 genera-

261 987 339 1050 lis
375 1028 399 1065 2
430 997 504 1049 ut
542 989 719 1070 leges
758 984 1000 1049 divinae
1028 987 1201 1050 circa
1225 987 1392 1052 sacra
1431 986 1882 1070 praestarentur
1921 989 2103 1054 sartae
2141 989 2467 1073 testaeque
2501 1009 2660 1057 :un-

262 1068 344 1134 de
381 1067 646 1151 peffime
696 1067 877 1133 cesfit
926 1069 1218 1154 Regibus
1255 1109 1280 1150 9
1339 1069 1389 1133 fi
1427 1070 1851 1137 Sacerdotum
1903 1091 2137 1136 munus
2187 1072 2482 1136 involare
2528 1072 2659 1135 aufi

262 1154 429 1218 sunt.
457 1151 567 1236 (c)
657 1152 781 1233 Ipsi
821 1164 1033 1217 tamen
1059 1153 1442 1218 Sacerdotes
1480 1153 1967 1249 quodammodo
2004 1153 2413 1232 subjacebant
2463 1154 2660 1238 Regi·

261 1237 380 1299 bus
411 1277 436 1315 3
469 1254 613 1300 nam
639 1236 701 1302 &
726 1236 943 1300 munia
978 1234 1403 1301 Sacerdotum
1439 1235 1782 1323 ahquando
1828 1237 2280 1318 dispertiebant
2317 1258 2466 1301 cum
2499 1257 2662 1302 con-

258 1320 404 1382 silio
436 1330 648 1384 tamen
684 1323 1042 1384 Procerum
1061 1359 1084 1397 ,
1123 1320 1468 1385 Seniorum
1495 1361 1519 1399 2
1556 1319 1893 1403 totiusque
1922 1321 2166 1386 Tribus
2193 1321 2511 1386 Leviticae
2535 1361 2560 1401 2
2595 1319 2656 1387 &

262 1420 379 1469 eos
410 1405 445 1466 a
467 1402 592 1467 suis
625 1402 859 1468 muniis
888 1402 1172 1466 criminis
1195 1402 1375 1468 causa
1403 1401 1832 1484 deponebant.
1860 1402 1980 1488 (d)

419 1492 503 1550 De
529 1497 602 1551 Le
639 1507 666 1548 e
691 1489 892 1549 Divina
913 1485 979 1549 in
1009 1505 1193 1552 novo
1219 1486 1639 1550 Testamento
1669 1483 1828 1569 quid
1849 1485 2180 1551 dicamus?
2205 1497 2421 1551 totum
2454 1505 2654 1572 quan-

258 1576 400 1631 tum
430 1609 453 1648 2
541 1587 612 1633 ul
661 1567 818 1652 quid
856 1567 1140 1633 Christus
1167 1569 1373 1633 verbo
1413 1567 1643 1632 docuit
1674 1609 1699 1648 2
1741 1573 2044 1651 exemplo
2077 1570 2457 1634 monstravit
2483 1610 2507 1649 2
2559 1569 2660 1635 fe·-

257 1650 349 1713 cit
370 1691 395 1730 ,
427 1671 504 1715 or
550 1652 782 1728 inavit„
819 1650 1124 1732 disposuit
1149 1692 1172 1730 2
1214 1651 1278 1716 &
1306 1650 1641 1716 constituit
1668 1691 1692 1730 9
1738 1671 1931 1735 quam
1969 1652 2411 1718 alienissimum
2448 1666 2583 1720 erat
2619 1659 2657 1719 ἁ

256 1733 722 1799 constitutione
749 1733 1180 1814 Reipublicae.
1266 1737 1580 1817 Exempla
1604 1734 1901 1816 primitus
1931 1735 2357 1817 inspiciamus,
2435 1740 2657 1802 Num..

258 1816 432 1879 enim
468 1817 530 1880 se
558 1836 844 1901 unquam
869 1820 1123 1903 Regem
1155 1817 1335 1903 geffit
1355 1821 1385 1882 ’ἑ
1469 1837 1631 1883 uum
1661 1817 1867 1899 ipsum
1894 1821 2178 1901 populus
2203 1820 2459 1906 Regem
2483 1819 2660 1884 face-

257 1918 331 1961 re
358 1900 621 1964 volebat
647 1940 671 1979 ³
701 1896 993 1984 auffugit.
1022 1900 1137 1984 (e)
1221 1902 1396 1964 Num
1427 1840 1514 1965 ae
1550 1900 1929 1981 ampliffimo
1973 1902 2470 1967 territorio‘fibi
2505 1922 2662 1984 pro-

254 1980 423 2046 vidit
442 2024 465 2062 ³
493 1997 691 2047 terras
719 1982 949 2047 alienas
978 2001 1304 2046 armorum
1343 1981 1415 2046 vi
1441 1982 1556 2045 fibi
1586 1982 1832 2067 subegit
1857 1987 1884 2046 3
1928 1986 2285 2068 peragravit
2314 1986 2655 2067 CivitateS‚

258 2066 533 2146 oppida,
564 2067 625 2133 δε
654 2065 838 2130 vicos
871 2063 1338 2132 benefaciendo
1367 2105 1392 2142 2
1436 2065 1786 2130 esurientes
1829 2067 2111 2147 replevit
2145 2069 2297 2132 cibo
2342 2108 2365 2148 ³
2408 2068 2660 2134 claudis

260 2149 570 2232 gressum,
597 2148 788 2215 caecis
818 2147 1061 2229 visum,
1095 2147 1287 2213 mutis
1324 2149 1656 2233 loquelam
1682 2189 1707 2227 ³
1758 2147 2026 2213 infirmis
2058 2151 2383 2216 sanitatem
2411 2191 2435 2228 ³
2481 2171 2660 2216 rnor-

260 2230 388 2295 tuis
420 2232 619 2296 vitam
652 2231 928 2297 restituit
957 2272 980 2311 2
1026 2233 1087 2297 &
1111 2242 1185 2294 ut
1217 2232 1434 2311 paucis
1475 2231 1991 2311 complestamur
2026 2235 2239 2298 omnia
2266 2274 2290 2312 ‚
2349 2232 2659 2314 praedica-

264 2313 384 2378 vit.
460 2318 637 2379 Num
670 2314 1085 2378 numerosum
1126 2313 1407 2379 militum
1443 2315 1805 2379 exercitum
1834 2353 1858 2392 ‚
1903 2327 2011 2378 aut
2046 2316 2371 2400 ingentem
2410 2334 2660 2395 opum...

259 2396 397 2460 vim
440 2398 709 2483 collegit
736 2401 764 2462 ’ἑ
808 2397 1058 2482 aliquos
1092 2394 1314 2480 selegit
1337 2397 1741 2478 Apostolos>
1775 2394 2124 2479 discipulos
2155 2438 2179 2477 9
2213 2399 2274 2464 &
2310 2396 2662 2464 sefitatores

259 2498 540 2545 numero
566 2500 807 2562 paucos
836 2523 859 2563 2
881 2482 1186 2557 inermes>
1217 2480 1443 2562 inopes
1461 2480 1895 2563 ‚profeffione
1923 2481 2088 2544 viles
2106 2522 2129 2560 ‚
2162 2483 2338 2545 nulla
2373 2481 2661 2546 authori-

261 2573 391 2627 tate
419 2564 803 2646 conspicuos
833 2606 856 2645 2
895 2564 1026 2645 ipse
1051 2573 1270 2626 autem
1346 2562 1504 2629 dum
1537 2577 1906 2628 moreretur
1926 2605 1950 2642 2
1977 2583 2061 2626 ne
2101 2564 2367 2647 quidem
2405 2564 2656 2644 habuit,

268 2648 357 2708 ubi
387 2661 542 2730 caput
578 2649 865 2710 reclinaret.
944 2646 1269 2729 Equidem
1303 2665 1439 2710 non
1471 2667 1617 2711 raro
1650 2647 1936 2729 ingentes
1972 2645 2310 2710 hominum
2337 2659 2546 2711 coetus
2578 2646 2661 2712 ad

267 2728 473 2808 ipsum
509 2728 928 2794 confluebant
961 2769 983 2808 2
1024 2727 1133 2793 sed
1175 2747 1259 2792 eo
1298 2727 1604 2794 duntaxat
1636 2728 1767 2792 fine
1796 2769 1818 2806 9
1855 2739 1929 2792 ut
1958 2727 2276 2793 destrinae
2325 2729 2517 2811 ipsius
2550 2748 2661 2798 au-

269 2812 616 2877 scultarent
636 2852 661 2892 ,
701 2813 764 2878 &
787 2812 1093 2877 miracula
1123 2810 1500 2892 spectarent.
1606 2814 1804 2875 Anne
1837 2810 2152 2895 quosdam
2189 2813 2460 2878 vinculo
2502 2814 2662 2879 obe-

268 2893 530 2960 dientiae
557 2936 582 2975 ,
621 2898 683 2962 &
716 2895 1016 2981 homagio
1049 2893 1376 2959 fidelitatis
1414 2895 1530 2959 fibi
1571 2893 1853 2958 adstrixit
1879 2934 1902 2972 ³
1947 2895 2348 2980 Magistratus
2386 2897 2661 2963 inferio-

267 2997 370 3041 res
400 2979 732 3043 constituit
759 3020 782 3057 ,
823 2978 1074 3064 hosque
1098 2977 1415 3059 potestate
1449 2977 1700 3058 imperii
1730 2978 2162 3042 communivit
2189 2982 2218 3044 ’ἑ
2272 2979 2341 3042 in
2374 2980 2658 3048 vinculis

267 3061 583 3126 charitatis
621 3064 1019 3128 innumeram
1053 3061 1392 3126 hominum
1416 3059 1902 3127 multitudinem
1929 3060 2006 3124 ad
2027 3061 2090 3126 se
2128 3063 2380 3129 attraxit
2399 3105 2423 3145 2
2447 3063 2656 3129 omni-

2531 3147 2652 3211 bus
2678 3205 2682 3214 .

272 3235 355 3304 (a)
388 3245 564 3302 Nempe
600 3237 903 3288 Sacerdotium
930 3252 1024 3289 ent
1045 3253 1182 3305 penes
1205 3236 1390 3289 'sticum
1413 3237 1542 3300 Levi,
1563 3239 1612 3289 &
1638 3235 1739 3286 huic
1755 3238 1908 3287 Dl-:us
1929 3236 1977 3286 in
2001 3233 2307 3290 distributione
2327 3250 2448 3291 tertoe
2470 3244 2658 3297 Cannu

419 3307 588 3356 nullam
609 3307 837 3371 assignavit
859 3322 1046 3372 partem.
1655 3319 1660 3325 ·
2127 3319 2130 3322 ’
2400 3307 2405 3313 ’
2640 3361 2648 3367 ,

278 3371 352 3436 (b)
394 3373 552 3424 Everso
571 3374 692 3423 enim
709 3376 880 3440 templo
909 3391 987 3440 pen
1018 3372 1330 3441 Vespafianum
1359 3377 1451 3423 Lex
1477 3371 1671 3422 Mosaicn
1697 3370 1816 3423 faeta
1834 3371 1918 3421 fuit
1938 3369 2212 3436 mortifera,
2234 3372 2297 3423 uti
2324 3373 2653 3441 docene'rheeg

410 3443 500 3507 logi
527 3473 544 3500 ‚
565 3445 611 3493 δι
636 3442 693 3491 de
715 3445 946 3509 synagoga
971 3442 1058 3491 diei
1083 3456 1288 3507 poterat,
1310 3442 1433 3509 quod
1450 3440 1583 3500 fuerit
1605 3457 1707 3491 cum
1746 3440 1920 3491 honore
1942 3439 2127 3507 sepulta,

277 3508 356 3573 (c)
384 3510 599 3573 Exempla
620 3507 893 3558 habemusin
926 3509 1055 3559 Saule
1075 3539 1093 3565 2
1120 3512 1164 3560 ὅ(
1183 3508 1303 3560 Ufia.

269 3579 362 3644 (d)
398 3580 538 3635 §jecit
555 3594 657 3643 ergo
680 3579 888 3632 Saloam
911 3576 1170 3643 abiathar,
1196 3588 1246 3631 ut
1272 3594 1365 3634 non
1391 3575 1490 3646 effe!
1520 3575 1734 3630 Sacerdos
1754 3577 1962 3646 Domini,
1988 3577 2150 3640 3.Reg.
2174 3587 2272 3638 cap.
2288 3588 2335 3625 τ.
2357 3588 2403 3629 v.
2419 3588 2442 3623 ι
2451 3587 2502 3639 7.

269 3649 346 3714 (ο)
375 3650 510 3712 Ῑοειτι,
529 3650 575 3701 6.
595 3659 671 3699 ’.ι
684 3660 734 3712 5.
