2970 3918
316 251 346 303 ι
364 250 454 314 ςο
1154 221 1352 318 Caput
1383 220 1466 293 11.
1519 228 1591 310 5.
1607 215 1792 295 XIL

312 382 480 446 enim
510 376 590 440 de
612 372 924 440 effusione
950 368 1199 437 donorum
1219 371 1628 457 Epiftopaliume
1666 382 1726 435 at
1747 389 1912 436 vero
1935 370 2108 436 illam
2136 369 2515 440 effusionem
2541 385 2680 442 non

314 472 350 528 a
373 467 566 526 Petro
589 499 611 536 a
640 455 744 519 sed
772 462 805 518 a
828 451 1100 531 *Christo
1137 451 1365 518 fastam
1394 453 1518 516 ess'e
1558 453 1700 537 quis
1737 475 1818 517 ne
1854 455 2114 520 averit?
2157 457 2371 539 itaque
2415 463 2452 520 a
2480 460 2680 523 Petro

315 539 698 611 diffunditur
723 533 1094 623 Jurisdistio
1136 535 1201 597 in
1225 534 1578 616 Episcopos
1610 535 1684 598 in·
1704 557 1786 601 eo
1840 537 1993 602 ensu
2017 576 2042 616 2
2083 539 2265 622 quod
2289 559 2491 624 quum
2508 543 2680 603 Pon-

313 626 472 691 tifex
511 620 583 683 fit
614 623 820 699 Caput
848 618 1158 710 Ecclesiae
1181 659 1205 696 2
1233 619 1722 705 interipsum&
1746 619 2100 701 Episcopos
2141 620 2379 686 summa
2415 619 2710 687 debeat..-

314 709 436 772 ess'e
465 701 906 770 concentratio
937 740 961 777 ,
991 715 1074 762 xta
1104 713 1171 763 ut
1204 700 1558 782 Episcopus
1585 704 1708 768 ess'e
1738 702 2092 784 Episcopus
2113 723 2263 768 cum
2291 702 2684 784 jurisdistio·

310 809 391 852 ne
419 798 733 869 nequeat,
767 783 879 847 nili
906 783 972 846 in
999 784 1463 847 communione
1495 783 1614 847 stet
1642 790 1791 849 cum
1810 785 2151 850 Pontifice.
2224 787 2404 852 Dein
2431 805 2683 870 quaere·

309 892 380 936 re
406 871 629 945 liceat,
664 871 698 930 a
735 887 868 951 quo
907 865 1211 953 Pontifex
1241 866 1460 931 habeat
1489 866 1657 931 suam
1686 858 2577 952 jurisdiffione1n?profetto
2604 868 2684 932 ab

309 955 446 1034 ipso
485 950 774 1027 Christo³
807 946 986 1041 quoti
1012 968 1206 1012 nemo
1249 949 1735 1013 Catholicorum
1763 950 2107 1034 negaverit.
2189 953 2274 1014 Et
2297 947 2509 1016 tamen
2541 952 2686 1016 haec

300 1034 668 1118 -jurisdifitio
702 1051 835 1095 non
862 1031 975 1093 nili
1003 1030 1439 1112 dependenter
1478 1031 1552 1095 ab
1586 1033 1905 1113 electione
1949 1031 2122 1098 Cleri
2160 1033 2441 1097 Romani
2482 1034 2547 1096 in
2589 1034 2685 1114 ip-

312 1121 448 1184 sum
481 1115 686 1182 veluti
709 1135 825 1195 per
847 1117 1131 1184 canalem
1162 1112 1564 1178 diffunditur.
1654 1115 1898 1199 Quidni
1934 1117 2061 1193 hoc
2100 1115 2303 1195 ipsum
2333 1114 2412 1178 de
2427 1115 2685 1194 jurisdi-

316 1203 535 1270 Etione
582 1197 1054 1278 Episcoporum
1103 1196 1406 1261 dicatur?
1446 1195 1940 1280 illaldeiignatio
1985 1198 2185 1279 plebis
2219 1239 2241 1276 2
2278 1197 2590 1262 institutio
2622 1197 2688 1262 &

307 1282 719 1360 confirmatio
760 1283 794 1343 a
818 1277 1142 1346 Pontifice
1183 1278 1384 1343 danda
1407 1278 1549 1344 sunt
1572 1279 1894 1364 requisitae
1919 1279 2331 1347 conditiones
2351 1321 2371 1358 2
2402 1294 2472 1344 ut
2502 1279 2687 1344 Chri·

312 1370 440 1432 stus
467 1365 639 1428 suam
664 1360 1180 1446 jurisdistionem
1208 1362 1628 1443 impertiatur.
1731 1364 1852 1425 Ille
1883 1365 2110 1427 titulus
2135 1371 2265 1426 DEI
2285 1364 2355 1437 &
2390 1375 2439 1425 A
2473 1363 2687 1440 ostolicae

309 1452 451 1517 Sedis
467 1453 650 1535 gratia
692 1445 782 1508 est
827 1444 1051 1508 titulus
1090 1464 1302 1508 novus
1332 1485 1354 1522 ³
1385 1444 1545 1507 olim
1581 1444 1946 1527 incognitus
1988 1485 2012 1524 2
2057 1447 2217 1509 Saec.
2241 1461 2338 1526 13.
2381 1465 2413 1507 a
2461 1445 2689 1516 inven-

312 1547 460 1598 tus:
509 1548 591 1592 eo
623 1528 794 1591 enirn
823 1527 1116 1607 primitus
1136 1527 1730 1606 Archi-Episcopus
1762 1526 2141 1591 Nicofieniis
2177 1527 2243 1590 in
2273 1529 2491 1612 Cypro
2519 1526 2689 1591 insu-

283 1620 373 1683 „la
405 1614 572 1678 circa
599 1625 910 1686 an.ss.1251.
941 1610 1087 1672 usus
1114 1607 1296 1673 fuisse
1325 1610 1579 1692 legitur.
1666 1611 1883 1673 Secuti
1908 1610 2051 1673 sunt
2079 1608 2267 1688 hujus
2297 1609 2559 1693 vestigia
2583 1608 2688 1675 alii

311 1693 851 1778 Archi-Episcopi
877 1692 1204 1772 praecipue
1235 1691 1754 1755 Ravennatenses
1781 1732 1804 1772 ‚
1842 1691 1903 1756 &
1927 1690 2143 1773 postea
2163 1691 2350 1773 etiam
2363 1692 2688 1773 Episcopi.

273 1844 283 1856 ,
316 1784 391 1843 In
419 1778 628 1858 specie
651 1776 885 1859 legitur
910 1774 1099 1838 etiam
1123 1814 1146 1852 2
1179 1772 1361 1858 quod
1397 1774 1526 1838 hoc
1552 1773 1744 1837 titulo
1786 1775 2323 1857 Archi-Episcopi
2347 1775 2687 1859 Salisburg.

311 1862 484 1927 circa
506 1879 601 1922 an.
635 1857 927 1937 1417.uti
954 1856 1289 1936 coeperint.
1337 1857 1599 1919 Causam
1624 1857 1783 1919 novi
1808 1857 1918 1935 huj
1930 1877 1998 1919 us
2027 1856 2196 1920 tituli
2211 1856 2438 1937 sponte
2464 1857 2688 1921 affum-

311 1944 410 2027 pti
434 1943 480 2005 ss
507 1940 649 2024 quis
682 1952 926 2024 quaerat
957 1979 980 2018 2
1025 1958 1096 2001 ea
1123 1937 1387 2015 aliunde
1407 1937 1498 2000 est
1523 1937 1780 2019 liquida.
1854 1941 2154 2003 Voluere
2187 1939 2688 2021 Archi-Episco-

313 2028 383 2111 pi
400 2022 800 2090 Nicosienses
828 2022 1164 2085 Clientelae
1179 2020 1308 2083 suae
1323 2019 1785 2084 observantiam
1808 2040 1951 2105 erga
1971 2019 2271 2081 summam
2287 2022 2689 2086 Sedemcon-

274 2156 279 2161 ·
316 2106 531 2172 testari
565 2124 636 2168 ea
661 2104 1052 2187 potiffimum
1091 2115 1172 2165 e'x
1197 2101 1448 2166 ratione
1477 2144 1501 2182 9
1555 2104 1734 2185 quod
1764 2102 1931 2165 suam
1973 2103 2451 2182 praecellentem
2499 2117 2688 2183 pote-

317 2193 539 2256 statem
566 2189 632 2251 in
670 2187 1024 2268 Episcopos
1054 2188 1323 2250 Graecos
1352 2189 1795 2248 Armenorum
1834 2186 1893 2247 δε
1939 2182 2397 2246 Maronitarum
2443 2184 2686 2249 benefi-

319 2277 425 2338 cio
463 2270 755 2353 singulari
781 2268 959 2332 Sedis
995 2267 1401 2346 Apostolicae
1433 2267 1794 2330 debuerint.
1914 2264 2509 2345 Archi-Episcopis
2549 2265 2684 2331 aliis

318 2357 492 2420 hunc
519 2353 782 2415 titulum
810 2350 1116 2414 assumere
1145 2350 1383 2432 placuit
1404 2389 1427 2427 2
1468 2352 1575 2429 vel
1603 2347 1749 2433 quia
1780 2347 2051 2411 sciebant
2080 2346 2410 2430 dignitates
2449 2347 2686 2410 Archi·

316 2437 722 2519 Episcopales
749 2451 1124 2513 promanare
1154 2439 1188 2494 a
1214 2431 1570 2510 Pontifice,
1598 2435 1705 2495 vel
1728 2433 1875 2515 quia
1899 2430 2029 2494 hoc
2054 2427 2189 2508 ipso
2223 2429 2415 2492 titulo
2438 2427 2692 2510 partici-

261 2560 270 2567 ·
314 2520 650 2604 'pationem
673 2514 995 2595 amplioris
1028 2513 1491 2594 jurisdiftionis
1521 2515 1603 2580 de
1626 2513 2028 2595 plenitudine
2064 2510 2387 2592 potestatis
2417 2509 2693 2576 Pontifi-

261 2641 269 2648 -
310 2605 443 2677 seiae
479 2620 546 2664 1n
575 2601 636 2671 se
681 2596 968 2662 diffusam
1017 2597 1368 2681 significare
1407 2603 1705 2662 voluere.
1857 2595 2122 2658 Interim
2153 2594 2280 2656 hoc
2330 2594 2523 2657 titulo
2568 2611 2694 2658 nec

318 2681 624 2768 Episcopi
659 2680 924 2760 Graeci,
952 2759 956 2763 .
982 2699 1103 2745 nec
1153 2699 1386 2750 omues,
1426 2680 1641 2748 'Latini
1685 2719 1709 2758 2
1762 2678 1895 2742 imo
1940 2677 2278 2760 pauciores
2320 2695 2399 2740 ex
2449 2676 2696 2742 Latinis

316 2779 615 2834 utuntur.
1053 2807 1056 2810 »
1843 2806 1851 2808 .
2656 2784 2659 2786 -

481 2906 619 2992 Jam
650 2900 731 2966 de
763 2897 1224 2988 superioritate
1254 2899 1485 2974 Gradus,
1512 2898 1586 2963 -&
1616 2899 1840 2963 'Ordinis
1883 2898 2182 2980 episcopalis
2212 2894 2544 2981 agendum.
2574 2897 2701 2961 Ite-

325 3007 470 3054 rum
492 2987 677 3050 nobis
715 2984 792 3047 lis
812 2983 950 3068 ‚erit
971 2983 1198 3063 partim
1243 3001 1395 3047 cum
1426 2979 1828 3044 Acatholieis
1852 2979 2079 3060 partim
2109 2999 2258 3044 cum
2292 2978 2640 3043 Catholicis
2666 3019 2694 3059 2

373 3072 574 3134 riores
600 3065 1022 3150 superioritatem
1047 3069 1279 3151 gradus,
1301 3063 1690 3146 posteriores
1727 3064 1974 3127 Ordinem
2003 3064 2564 3146 Epistopalemprout
2597 3060 2696 3124 di-

330 3160 355 3216 1
385 3153 628 3217 initum
656 3154 690 3210 a
720 3145 1100 3212 Sacerdotio
1136 3158 1368 3231 negant
1394 3188 1417 3226 7
1452 3147 1635 3211 illum
1683 3164 1766 3208 ue
1791 3162 2028 3209 meram
2053 3143 2177 3206 effe
2208 3150 2540 3226 extenfionem
2570 3143 2699 3207 Or·

334 3233 496 3298 dinis
516 3229 927 3298 ‘sacerdotalis
961 3229 1249 3294 ass'erunt.
1296 3230 1539 3293 Contra
1568 3249 1666 3292 am
1716 3245 1788 3290 os
1815 3225 2022 3293 ferme
2050 3224 2274 3289 cadem
2304 3225 2575 3298 militant
2600 3244 2698 3288 ar·-

336 3325 682 3401 gumenta,
724 3331 1007 3404 quorum
1047 3313 1327 3394 primum
1365 3311 1610 3393 petitur
1646 3330 1726 3374 ex
1766 3308 2281 3375 luculentissimis
2321 3305 2700 3373 testimoniis

334 3402 633 3469 Patrum,
666 3413 778 3476 qui
814 3394 1063 3473 semper
1087 3407 1215 3459 tres
1243 3414 1277 3458 a
1365 3403 1649 3458 overunt
1685 3389 1931 3459 Gradus
1973 3389 2301 3455 distinstos
2347 3389 2702 3470 Episcopo-

338 3499 487 3551 rum
511 3518 538 3563 2
579 3475 1176 3559 Presbyterorum2·
1355 3478 1735 3546 iaeonorum
1762 3514 1790 3557 2
1837 3475 1910 3547 &v
1933 3473 2013 3541 de
2041 3472 2296 3560 duobus
2331 3470 2701 3618 posterizri-

2087 3587 2089 3589 ·
2227 3585 2235 3590 ·
2383 3602 2387 3605 -
2629 3571 2707 3620 us
