2970 3918
929 222 1042 297 De
1071 218 1459 298 fferarcbia
1504 217 1930 317 Ecclefiaflt‘ca.
2499 238 2527 287 ι
2554 241 2629 303 ¹5

253 383 355 526 :lios
390 377 784 462 intelligatur
806 415 833 456 2
879 372 944 442 δι
975 393 1054 439 an
1093 377 1265 441 ultra
1301 392 1404 440 eas
1431 374 1496 439 se
1546 371 2009 439 Patriarchatus
2045 368 2382 435 Romanus
2424 382 2644 438 exten·

301 464 421 527 erit
442 467 471 528 ’ἐ
813 498 817 501 >
1937 519 1945 523 ,

410 549 741 629 Quantum
765 536 849 603 ad
893 556 1134 602 1.mum
1165 536 1760 604 animavertendum
1783 534 1914 615 est,
1947 535 2077 598 hoc
2106 536 2231 601 effe
2260 532 2637 602 discriminis

247 628 417 691 inter
498 644 574 688 us
601 620 1058 700 metropoliticum
1083 660 1109 698 ι,
1153 622 1215 686 &
1260 621 1670 684 Patriarcbicum
1705 667 1724 693 ‚
1762 617 1944 703 quod
1987 617 2151 682 illud
2196 617 2359 683 intra
2402 620 2638 685 limites

241 711 434 775 unius
523 702 840 770 rovinciae
863 701 1314 787 restringatur,
1340 701 1510 766 istud
1539 702 1604 765 in
1642 705 1857 783 plures
1899 700 2274 765 Provincias
2316 703 2381 767 se
2411 718 2632 768 exten-

243 793 351 856 dat
387 812 403 853 τ
448 807 583 874 quo
610 796 836 850 notato
870 780 1198 849 audiamus
1225 795 1599 869 argumenta
1625 783 1880 848 Launoi
1905 803 2028 865 pro
2045 781 2200 870 Jure
2235 787 2636 868 metropolitico

243 873 455 939 veluti
481 890 604 953 pro
634 869 755 933 aris
780 867 843 934 &
869 866 1039 931 focis
1079 866 1449 932 dimicantis
1484 891 1499 930 ε
1551 886 1792 933 1.mum
1827 865 1915 930 fic
1940 866 2236 931 instaurat
2264 887 2282 929 ε
2326 875 2502 932 Canon
2526 869 2642 934 iste

246 954 590 1023 occasione
620 949 1122 1016 Meletianorum
1160 948 1272 1036 Jus
1300 949 1866 1029 Metropoliticum
1893 949 2642 1032 EpiscopiAlexandrini.

243 1037 463 1128 quoad
501 1034 963 1102 Ordinationes
984 1031 1460 1113 Episcoporum
1486 1052 1600 1112 per
1629 1033 1978 1115 AEgyptum
2006 1072 2030 1110 2
2059 1032 2120 1097 &
2146 1033 2415 1119 Lybiam
2458 1054 2640 1100 exer-

244 1123 448 1190 centis
481 1118 877 1184 turbantium
902 1113 1029 1180 fuit
1053 1114 1266 1179 editus
1303 1135 1317 1177 :
1362 1131 1520 1198 ergo
1563 1115 1692 1178 hoc
1721 1114 1858 1193 ipso
1891 1115 2194 1205 ‘loquitur
2223 1114 2305 1180 de
2339 1114 2489 1195 jure
2516 1128 2648 1183 Me-

243 1209 558 1286 tropolitico.
619 1203 929 1266 Alterum
967 1197 1242 1263 desumit
1268 1217 1349 1260 ex
1376 1196 1857 1278 comparatione
1889 1207 2057 1261 mter
2078 1199 2453 1262 Romanum
2470 1203 2644 1265 Pon·

244 1289 493 1357 tificem
518 1325 543 1362 2
590 1285 654 1350 &
681 1279 1196 1347 Alexandrinum
1224 1279 1621 1362 Episcopum
1646 1278 1863 1364 quoad
1883 1276 1988 1357 jus
2017 1279 2359 1344 ordinandi
2377 1284 2644 1364 Episco-

244 1391 367 1454 pos
398 1370 461 1436 ὅτ.
491 1366 784 1432 Clericos
825 1382 948 1448 per
981 1367 1279 1428 Provincias
1299 1408 1303 1410 -
1315 1362 1700 1445 suburbicarias
1740 1360 1819 1425 ad
1858 1360 2248 1425 Pontificem
2292 1366 2643 1444 pertinens.

242 1456 379 1544 Jam
417 1493 442 1532 2
487 1453 571 1517 ait
599 1450 930 1515 Launoius
968 1487 992 1526 ³
1035 1444 1202 1510 istud
1250 1444 1355 1525 jus
1396 1444 1736 1510 Pontificis
1791 1444 1918 1507 suit
1968 1463 2222 1510 merum
2264 1445 2376 1531 Jus
2431 1456 2647 1517 Metro.

236 1543 506 1630 politicum
542 1561 561 1596 .-
616 1545 694 1599 ut
741 1552 814 1596 er
858 1549 899 1594 o
963 1529 1363 1608 comparatio
1411 1528 1582 1593 inter
1622 1526 2017 1593 Pontificem
2058 1569 2082 1608 2
2141 1530 2202 1593 &
2240 1529 2640 1616 Episcopum

246 1617 770 1690 Alexandrinum,
848 1633 994 1678 rmo
1019 1611 1184 1695 pede
1210 1610 1527 1690 subsistat,
1572 1613 1800 1676 Canon
1828 1610 2178 1676 necessario
2205 1611 2286 1674 de
2331 1613 2488 1698 Jure
2516 1630 2646 1682 Me-

246 1707 554 1788 tropolitico
584 1698 857 1784 intelligi
881 1696 1096 1762 debet.
1199 1693 1428 1777 3.tium
1458 1692 1786 1776 depromit
1811 1714 1893 1757 ex
1928 1693 2172 1759 ultimis
2210 1696 2424 1760 verbis
2462 1700 2641 1764 citati

247 1785 529 1854 Canonis
550 1825 575 1864 ³
599 1783 717 1849 ubi
750 1791 1001 1847 tantum
1025 1780 1103 1842 fit
1133 1777 1382 1843 mentio
1419 1778 1990 1862 Metropolitarum
2017 1817 2039 1855 2
2077 1778 2141 1843 &
2173 1777 2270 1843 his
2298 1780 2404 1846 sua
2419 1781 2566 1864 jura
2584 1785 2647 1849 δι’

251 1869 590 1956 privilegia
622 1866 1112 1931 confirmantur.

415 1953 675 2018 Verum
708 1965 900 2032 quam
930 1944 1191 2009 infirmo
1234 1941 1379 2005 haec
1414 1955 1785 2026 argumenta
1810 1939 2244 2011 sustententur
2265 1946 2647 2014 fundamen-

246 2052 321 2102 to
361 2033 582 2117 paucis
611 2029 995 2096 videamus:
1040 2047 1185 2090 nam
1229 2025 1457 2088 demus
1491 2044 1662 2093 1.m0
1706 2028 2005 2092 Launoio
2052 2030 2393 2094 occasione
2434 2032 2646 2096 Schis-

245 2119 428 2186 matis
451 2113 806 2182 Melletiani
829 2109 1172 2193 praefatum
1203 2110 1537 2174 Canonem
1555 2108 1739 2175 fuiffe
1757 2108 2099 2175 conditum
2118 2151 2142 2190 2
2171 2115 2398 2177 Canon
2427 2125 2643 2179 tamen

244 2205 314 2269 in
332 2198 623 2266 terminis
649 2194 1132 2260 terminantibus
1151 2193 1451 2284 loquitur
1476 2191 1559 2256 de
1579 2191 1728 2273 jure
1743 2191 2104 2259 ordinandi
2127 2196 2487 2279 Episcopos
2509 2219 2646 2263 non

246 2304 367 2370 per
394 2300 629 2358 unam,
659 2277 770 2341 sed
806 2295 925 2359 per
951 2278 1167 2356 plures
1196 2274 1573 2340 Provmcias
1599 2317 1624 2356 ,
1663 2295 1900 2355 nempe
1938 2294 2037 2358 per
2061 2287 2348 2363 AEgyptum
2375 2328 2393 2354 ,
2425 2279 2647 2364 Lybiam

249 2366 326 2443 ες
365 2360 715 2445 pentapolin:
759 2370 822 2422 at
844 2376 1009 2422 vero
1056 2355 1200 2441 quis
1239 2356 1439 2420 nescit
1473 2360 1599 2420 tale
1642 2357 1751 2437 jus
1787 2376 1924 2419 non
1963 2357 2091 2420 effe
2128 2364 2640 2444 metropoliticum,

250 2444 435 2535 quod
477 2442 717 2508 finibus
754 2440 947 2505 unius
977 2437 1351 2504 Provinciae
1400 2438 1950 2506 circumscribitur
1988 2480 2011 2517 2
2056 2438 2164 2503 sed
2212 2442 2642 2520 patriarchicum,

251 2526 434 2618 quod
461 2527 527 2591 se
545 2526 613 2588 in
639 2530 860 2606 plures
883 2520 1218 2603 protendit
1237 2521 1650 2587 Provincias:
1695 2522 2139 2604 Metropolitanus
2174 2524 2346 2587 enim
2376 2525 2641 2609 dicitur,

249 2616 363 2702 qui
387 2610 503 2676 uni
536 2610 817 2672 Provinciae
833 2652 854 2681 ,
876 2604 1236 2671 Patriarcha
1260 2603 1373 2689 qui
1403 2604 1530 2668 toti
1553 2610 1764 2690 Dioecefi
1788 2606 2041 2687 praeest.
2068 2605 2180 2689 (a)
2267 2610 2408 2672 Nec
2431 2610 2639 2691 obest,

249 2693 433 2786 quod
458 2690 619 2775 juris
649 2689 992 2754 patriarchici
1019 2691 1197 2753 nulla
1210 2686 1324 2752 fiat
1342 2688 1628 2752 mentio:
1672 2709 1818 2752 nam
1850 2686 2009 2772 quid
2036 2699 2177 2754 tum
2213 2691 2240 2753 ἓ
2292 2690 2445 2756 inde
2469 2695 2643 2759 enim

248 2778 413 2847 nihil
461 2770 637 2840 aliud
676 2770 930 2837 eruitur
949 2811 974 2850 3
1011 2771 1128 2836 nisi
1204 2769 1345 2836 uod
1371 2789 1616 2835 nornen
1646 2768 1996 2843 patriarche,
2033 2770 2096 2835 &
2120 2775 2258 2854 juris
2296 2775 2639 2839 Potriarchicae'

251 2857 549 2931 nondum
571 2853 870 2920 fueritin
893 2853 1013 2919 usu
1043 2857 1179 2920 Ecc
1207 2855 1353 2918 esiae
1386 2894 1411 2932 9
1454 2854 1665 2938 ipsum
1697 2867 1910 2918 tamen
1935 2851 2048 2938 Jus
2075 2855 2483 2919 Patriarcbicum
2516 2899 2540 2937 ³
2572 2860 2643 2923 'in

297 2954 568 3010 uantum
615 2935 681 3002 se
717 2936 1011 3003 extendit
1058 2937 1136 3002 ad
1177 2939 1487 3022 integram
1522 2942 1770 3019 Dioecefin
1809 2936 1922 3000 seu
1960 2940 2178 3017 plures
2225 2938 2638 3022 Provincias³

281 3026 438 3093 uiffe
481 3023 550 3088 in
587 3039 808 3085 rerum
842 3032 1066 3087 natura
1098 3041 1293 3085 nemo
1323 3022 1506 3084 sanus
1546 3019 1877 3104 negaverit
1908 3059 1932 3097 2
1975 3018 2109 3083 sive
2150 3017 2302 3083 dein
2336 3022 2499 3087 illud
2530 3026 2641 3112 Jus

250 3108 701 3191 metropoliticum
724 3101 858 3166 five
886 3103 1295 3170 patriarchicum
1321 3105 1640 3184 appellare
1683 3101 1996 3183 placuerit
2021 3142 2045 3180 2
2090 3121 2316 3183 parum
2358 3104 2639 3176 interest.

252 3196 559 3261 Alterum
586 3196 1033 3270 argumentum
1046 3185 1538 3267 desumptumex
1568 3184 2051 3267 comparatione
2069 3184 2644 3272 interEpiscopum

250 3268 672 3345 Alexandrin.
690 3269 752 3334 δι
769 3268 1160 3333 Pontificem
1185 3268 1337 3334 ferit
1362 3270 1565 3351 ipsum
1581 3269 1919 3334 authorem
1939 3286 1954 3331 ε
1979 3270 2091 3333 vel
2109 3269 2282 3334 enim
2311 3271 2639 3356 supponit,

251 3355 434 3446 quod
445 3354 547 3436 jus
581 3349 936 3417 ordinandi
948 3350 1307 3435 Episcopos
1322 3350 1629 3419 Pontifici
1656 3364 2035 3434 competens
2057 3351 2250 3417 unice
2274 3354 2349 3419 ad
2367 3358 2644 3422 Provin-

250 3445 378 3511 cias
418 3437 550 3504 suae
579 3433 939 3517 Metropoli
956 3432 1267 3517 subjestas
1285 3435 1486 3503 fuerit
1498 3432 1833 3516 restriffii,
1866 3437 1977 3500 vel
2005 3434 2193 3502 etiam
2222 3437 2299 3504 ad
2326 3441 2470 3506 alias
2484 3444 2643 3507 Pro-

1457 3521 1508 3585 P
1552 3536 1593 3586 2
2499 3527 2642 3589 vin-

251 3609 336 3679 (ι)
373 3603 727 3683 Apud-nfiquo·
755 3601 994 3681 scriem„
1017 3618 1191 3661 nomen
1216 3607 1457 3672 Dlaecesm
1494 3603 1744 3668 sumebatur
1778 3618 1863 3673 pro
1896 3601 2096 3673 ptmibn·
2124 3575 2327 3662 εοὲιιωι
2360 3608 2423 3661 in·
2447 3611 2641 3679 plausu,

387 3676 623 3744 provincus
642 3671 904 3724 conflatum.
