2970 3918
1092 206 1210 284 De
1237 205 1419 285 Statu
1447 189 1759 298 Ecclefiaeil
2519 218 2618 288 77·

223 364 534 430 cultatem
560 355 955 436 concedam,
983 367 1179 442 atque
1200 357 1630 424 remissionem
1659 371 1810 420 meo
1836 347 2100 445 nomine
2122 343 2479 415 faciendam
2501 346 2618 411 im÷

219 464 445 527 perem
464 483 488 520 ,
537 444 682 507 talis·
714 442 780 505 in
807 438 1051 504 effefflm
1081 441 1239 504 nihil
1272 441 1397 526 agit
1425 481 1449 518 ,
1488 439 1603 503 nisi
1638 436 1822 525 quod
1852 433 2286 501 remiffionem
2313 436 2347 494 ἐι
2379 448 2486 495 me
2524 429 2614 492 fa—

220 529 389 593 stam
438 523 794 588 annuntiet.
927 525 1016 585 Et
1055 542 1192 604 quo
1243 521 1668 587 fundamento
1722 519 1852 586 dici
1901 516 2116 600 potest
2143 559 2168 596 ,
2225 513 2406 599 quod
2463 514 2633 578 haee·

218 608 503 673 remiffio
546 607 759 671 astum
799 601 1362 689 Jurisdistic‘tionis
1399 605 1729 669 contineat
1770 609 1797 668 ἓ
1859 602 2090 686 utique
2129 596 2416 666 Christus
2458 616 2614 679 pro-

218 705 367 774 pter
403 690 603 752 solam
644 684 1119 748 exuberantiam
1156 685 1312 748 fidei
1364 697 1624 766 peccata
1664 685 1961 751 remisiffe
1998 682 2277 768 legitur?
2323 678 2458 764 (a)
2542 678 2611 745 Si

218 770 724 848 tota-Scriptura
762 783 962 831 novae
1007 765 1165 850 legis
1212 768 1612 848 excutiatur,
1653 769 1884 833 nullibi
1926 769 2039 830 vel
2077 768 2235 831 vola
2277 765 2390 828 vel
2421 761 2628 830 vesti-·

250 854 407 916 ium·
436 850 844 932 reperietur,
882 868 963 912 ex
999 868 1138 933 quo
1179 862 1509 930 appareat,
1551 850 1732 934 quod
1762 861 1870 915 aut
1905 848 2229 926 Christus,
2273 856 2384 911 aut
2417 845 2611 926 Apo-

213 935 366 999 ioli
396 934 464 997 in
489 932 856 997 remissione
890 948 1313 1013 peccatori-im
1344 931 1559 997 aftum
1587 932 1870 1017 aliquem
1895 928 2361 1012 jurisdietionis
2388 928 2607 1008 obser,-

216 1032 374 1083 vato
408 1016 637 1080 ordine
657 1014 886 1095 judicii
914 1014 1351 1099 qualicunque
1383 1015 1446 1079 δε
1482 1014 1937 1096 simpliciffimo
1974 1013 2427 1078 exercuerint:
2467 1013 2614 1093 ple-5·

222 1119 505 1185 rumque
533 1099 650 1163 ubi
674 1097 801 1162 fuit
825 1095 988 1161 fides
1005 1137 1030 1177 ,
1068 1097 1402 1161 subsecuta
1427 1096 1555 1161 fuit
1582 1096 1863 1162 remissio
1896 1095 2013 1180 (b)
2050 1097 2279 1160 nullibi
2307 1106 2416 1158 aut
2439 1106 2620 1174 prae-f

216 1195 484 1265 ceptum
518 1181 647 1247 sese
675 1183 861 1246 velut
887 1179 1236 1260 injudicio
1275 1177 1654 1257 accusandi,
1693 1178 1932 1262 suaque
1963 1193 2227 1260 peccata
2257 1175 2605 1243 distinetim

219 1264 619 1348 explicandi,
645 1274 752 1327 aut
770 1263 971 1344 jussus
989 1304 1013 1343 ,
1039 1278 1114 1327 ut
1135 1283 1272 1328 non
1292 1262 1407 1327 nisi
1434 1260 1512 1326 ad
1537 1258 1895 1328 distinstam
1911 1273 2330 1342 peccatorum
2350 1258 2606 1325 confes-

212 1351 464 1414 ssonem
504 1367 578 1410 ea
609 1345 1019 1411 remittantur
1041 1386 1064 1425 ,
1097 1346 1391 1435 legimus,
1409 1344 1521 1411 De
1547 1344 1682 1411 ritu
1710 1349 2254 1410 excommunicationis
2275 1390 2294 1421 ,
2331 1343 2394 1409 δε
2429 1344 2611 1407 banno·

202 1431 472 1517 spirituali
492 1475 509 1504 ,
535 1429 635 1493 uti
674 1448 914 1495 vocare
943 1429 1262 1508 solemus,
1305 1428 1464 1514 quid
1494 1427 1779 1494 dicamus
1801 1429 1831 1491 ?
1873 1444 2087 1510 neque
2125 1426 2300 1489 enim
2337 1442 2604 1490 excom-

215 1512 569 1580 municatio
616 1511 862 1607 aliquid
902 1511 1367 1591 jurisdistionis
1420 1523 1530 1576 aut
1576 1508 1831 1592 imperii
1880 1508 2227 1574 neceffario
2276 1505 2602 1587 involvit,

313 1596 459 1677 ippe
495 1614 647 1682 quae
681 1594 844 1659 nihil
874 1593 966 1659 est
1008 1594 1183 1660 aliud
1221 1615 1411 1681 quam
1441 1593 1708 1676 simplex
1736 1592 2023 1660 exclusio
2066 1598 2102 1656 a
2134 1591 2631 1657 communione*

217 1617 515 1744 ffdelium
542 1680 609 1742 in
635 1678 934 1742 libertate
965 1678 1307 1742 hominum
1329 1677 1769 1763 privatorum,
1801 1678 1864 1743 &
1892 1675 2273 1745 societatum
2297 1673 2604 1751 fundata,

218 1781 370 1848 quae
400 1764 595 1826 alium
614 1759 925 1827 effectum
950 1781 1088 1825 non
1124 1760 1468 1842 producit,
1508 1759 1623 1823 nisi
1655 1757 1838 1844 quod
1865 1759 2080 1826 taliter
2103 1757 2435 1824 exclusum
2462 1756 2605 1821 evi·-

217 1857 354 1910 tare
387 1843 738 1924 soleamu8,
767 1852 802 1909 a
823 1843 1038 1907 nostra
1056 1843 1549 1907 conversatione
1576 1860 2032 1913 removeamus
2053 1882 2077 1920 ,
2104 1861 2189 1905 eo
2218 1841 2427 1905 ferme
2459 1851 2635 1904 mo-'‘

216 1927 347 2007 do,
391 1947 529 2012 quo
557 1926 1091 1991 communionem
1117 1944 1271 1990 cum
1299 1924 1592 2006 reprobis
1618 1935 1728 1988 aut
1758 1927 1924 1989 male
1956 1925 2189 1990 notatis
2224 1925 2291 1988 in
2313 1922 2632 2005 republi-'·

215 2030 292 2076 ca
332 2011 766 2096 qualicunque
802 2007 875 2073 fu
917 2028 1029 2073 ere
1087 2007 1412 2073 solemus:
1465 2007 1865 2072 excutiamus
1903 2009 2051 2071 loca
2098 2006 2430 2089 scripturae
2462 2046 2486 2085 ,
2552 2004 2605 2068 si

216 2096 467 2173 placet,
505 2092 574 2156 in
650 2091 841 2157 uibus
913 2112 950 2155 e
983 2091 1104 2156 hac
1130 2091 1804 2157 excommunicatione
1829 2091 2069 2176 agiturt
2107 2109 2278 2155 unus
2314 2088 2410 2155 est>
2433 2087 2604 2169 apud
2631 2123 2634 2126 ·

214 2175 573 2242 Mathaeum
650 2175 727 2259 c)
756 2174 869 2238 ubi
905 2173 1141 2240 modus
1175 2173 1544 2259 corrigendi
1582 2172 1842 2238 fratrem
1878 2170 2350 2256 praescribitur,
2393 2171 2457 2236 &
2480 2173 2605 2234 ul·

214 2257 445 2321 timato
476 2255 747 2335 jubetur
766 2297 793 2334 ,
826 2267 943 2335 ut,
974 2255 1022 2319 fi
1053 2256 1254 2323 frater
1288 2277 1506 2340 neque
1541 2257 2023 2337 correptionem
2047 2256 2393 2320 fraternam
2434 2254 2605 2318 inter

215 2350 284 2404 te
317 2340 379 2403 &
406 2337 611 2420 ipsum
630 2378 654 2416 ,
691 2356 906 2424 neque
932 2338 1262 2417 publicam
1289 2358 1509 2403 coram
1541 2337 1800 2404 duobus
1830 2341 1941 2401 vel
1961 2339 2167 2402 tribus
2195 2335 2461 2402 testibus
2485 2349 2623 2400 cu-'

216 2420 498 2506 raverit,
529 2419 681 2485 deni
726 2440 812 2484 ue
844 2419 911 2485 id
936 2421 1141 2502 ipsum
1176 2420 1345 2486 dicas
1369 2421 1722 2499 Ecclesiae,
1767 2420 1830 2486 &
1858 2421 1907 2483 fi
1943 2439 2158 2505 neque
2187 2419 2353 2483 hanc
2381 2418 2602 2483 audie·
2630 2434 2634 2439 ’

213 2504 335 2582 rit,
357 2508 426 2586 fit
449 2504 615 2567 veluti
638 2514 698 2567 Ee
735 2508 871 2566 nicus
896 2506 968 2579 65
989 2504 1317 2586 publicanus:
1353 2521 1548 2567 nemo
1576 2515 1755 2567 certe
1770 2522 1860 2570 ex
1885 2503 2016 2567 hoc
2040 2502 2245 2567 modo
2270 2501 2622 2587 corrigen-v

215 2586 285 2651 di
314 2596 427 2653 aut,
451 2584 588 2647 vim
619 2583 912 2666 imperii,
955 2599 1063 2649 aut
1093 2584 1560 2664 jurisdifitionis
1594 2586 1864 2651 inferat:
1897 2604 2034 2649 non
2065 2605 2146 2650 ex
2176 2585 2635 2667 correptione.-

217 2682 348 2733 tam
377 2668 621 2751 privata
652 2686 844 2752 quam
878 2668 1177 2750 publica,
1228 2687 1377 2754 quae
1418 2671 1611 2754 magis
1648 2668 1739 2735 est
1775 2668 1955 2734 astus
1995 2668 2356 2747 charitatiS,
2405 2686 2600 2753 quam
2635 2700 2637 2702 ·

207 2749 722 2835 jurisdiffioniS,
757 2769 895 2814 non
938 2771 1019 2815 ex
1046 2750 1545 2816 denunciatione
1575 2751 1887 2820 Ecclesiae
1923 2751 2090 2818 fasta
2121 2773 2202 2817 ex
2237 2751 2372 2834 pari
2404 2751 2600 2817 ratio-

210 2854 298 2900 ne
319 2875 342 2913 ,
372 2852 511 2898 non
532 2850 615 2897 ex
628 2833 755 2916 ipsa
774 2834 1086 2900 Ecclesiae
1109 2837 1566 2916 correptione,
1601 2835 2081 2914 admonitione,
2120 2837 2233 2900 vel
2267 2834 2466 2900 etiam'
2493 2853 2598 2899 re-
2620 2855 2633 2921 ι’

215 2916 683 3000 prehenssone,
721 2934 796 2980 ac
828 2915 1093 2983 demum
1117 2916 1369 2998 judicio
1395 2919 1707 2985 Ecclesiae
1738 2917 1938 2984 dantis
1976 2918 2194 3000 potius
2224 2917 2631 2983 facultatem

219 3002 409 3066 illum
437 2998 722 3065 evitandi
747 3019 863 3082 per
893 3002 1124 3066 verba:
1154 3005 1222 3083 fit
1243 3003 1339 3065 tibi
1362 3002 1507 3065 velut
1531 3003 1768 3067 Etbnicus
1797 3001 1866 3076 ξς
1935 3003 2232 3079 ablicanus,
2263 3021 2455 3086 quam
2478 3000 2598 3065 im-

219 3084 478 3166 perium
518 3084 878 3148 exercentis
909 3106 925 3147 t
960 3095 1069 3148 aut
1114 3085 1162 3147 si
1200 3084 1628 3164 supponamus
1651 3124 1674 3163 ,
1729 3020 2221 3167 quocfEcclefia
2253 3087 2449 3150 talem
2487 3105 2599 3150 ex-
2631 3102 2635 3108 ·

219 3164 484 3230 cluserit
516 3171 551 3229 a
586 3165 695 3230 sua
731 3167 1195 3232 communione
1221 3209 1244 3245 ,
1288 3167 1353 3234 id
1397 3166 1638 3233 fastum
1672 3166 1766 3231 est
1794 3187 1928 3248 non
1948 3167 2021 3231 'vi
2050 3166 2344 3248 imperii,
2381 3166 2490 3233 sed
2521 3167 2599 3233 li-

224 3247 483 3313 bertatis
521 3249 733 3315 cuivis
770 3251 1223 3331 competentis.
1302 3253 1498 3316 Alter
1534 3247 1628 3314 est
1667 3249 1836 3330 apud
1862 3250 2262 3331 Apostolum
2298 3270 2357 3319 2.
2397 3250 2600 3339 Cory.

226 3349 329 3417 13.
358 3331 438 3396 de
466 3330 830 3398 incestuoso
861 3333 1223 3420 Coiynthio
1249 3371 1271 3410 2
1314 3354 1509 3482 qiigm
1545 3336 1780 3399 Paulus
1806 3335 2051 3401 Satanae
2086 3333 2421 3402 tradidiss'e
2442 3337 2602 3422 legi-

1485 3433 1521 3499 3
2359 3430 2470 3486 tur
2496 3443 2512 3486 ε

223 3525 310 3594 (a)
343 3527 492 3579 Math.
510 3547 557 3589 9.
577 3545 622 3578 v.
636 3532 685 3576 ι’.
712 3529 756 3578 ει
773 3532 880 3581 Luc.
898 3545 947 3590 ς.
971 3546 1017 3582 v.
1033 3547 1116 3583 zo.
1143 3527 1480 3601 propiusculam
1509 3529 1647 3586 fidem
1670 3531 1835 3586 temifit
1857 3542 2043 3601 penem
2066 3529 2276 3591 Christum

226 3595 310 3659 (b)
340 3597 448 3654 Vid,
472 3614 582 3645 mox
614 3610 743 3647 anre·
771 3597 909 3647 ἀίᾶι.

229 3663 310 3736 (⁶)
342 3664 511 3734 Μῑῖὼε
543 3680 624 3733 ¹5·
653 3668 732 3733 ¹⁶!
764 3667 811 3720 &v
845 3679 923 3731 ¹7⁰.
