2970 3918
1117 174 1234 255 De
1260 180 1442 258 statu
1471 175 1760 272 Ecclefiae.
2523 200 2629 267 95

244 337 437 402 verit.
470 380 476 387 -
524 334 777 400 Caetera
798 332 1018 412 paucis
1042 330 1462 414 expedimus:
1507 350 1652 396 nam
1685 326 1823 395 esto
1848 325 2031 412 plebs
2062 314 2430 393 interfuerit
2462 336 2632 394 non-

242 437 577 504 nunquam
614 415 964 493 ConciliiS,
1008 412 1072 478 8z
1101 414 1571 492 eleffionibus‚
1612 414 1698 478 ita
1731 425 1970 480 tamem
2007 411 2262 495 semper
2290 410 2629 492 interfuit,

242 517 319 568 ut
343 502 585 567 summa
605 517 825 563 rerum
841 495 1227 581 agendarum
1241 499 1493 581 semper
1514 497 1713 565 fuerit
1739 516 1939 580 penes
1957 497 2326 580 Episcopos
2350 518 2366 561 z
2411 493 2633 560 audie·-

243 600 399 652 runt
421 583 725 665 Episcopi
740 577 1030 670 suffragia
1048 582 1315 660 populi,
1361 602 1434 645 ea
1451 582 1897 662 expendebant
1911 622 1935 661 2
1975 581 2039 648 δε
2062 579 2327 647 demum
2349 579 2473 646 suis
2497 577 2630 643 suf·-

245 669 457 752 fragiis
497 664 791 729 deciiivis
837 663 1206 753 ultimatum
1237 662 1556 741 judicium
1595 662 1909 729 ferebant.
2019 665 2455 728 Vocaverunt
2492 662 2631 728 fine

248 751 452 816 dubio
502 748 565 811 δε
612 742 920 825 Apostoh
981 742 1045 808 &
1080 761 1311 808 eorum
1362 745 1771 808 Succefl'ores
1815 757 2098 811 caeteros
2133 746 2363 812 fideles
2398 753 2643 822 Fratres-g

244 833 395 919 quia
424 846 647 892 omnes
682 826 896 890 sumus
925 832 1132 889 Fratres
1157 825 1224 888 in
1254 826 1507 908 Christo
1546 850 1562 890 :
1622 828 1717 892 usi
1749 828 1894 894 sunt
1927 830 2058 894 hoc
2091 829 2359 895 nornine
2399 829 2467 894 in
2502 827 2639 894 suis

243 909 800 981 exhortationibus
818 950 842 988 ³
887 906 1171 990 epistolis
1188 949 1211 987 2
1257 907 1571 974 dostrinis
1595 951 1618 989 9
1664 930 1820 995 quas
1858 912 2213 979 secundum
2244 916 2418 998 leges
2454 931 2632 976 man-

236 995 594 1063 suetudinis
615 1011 987 1077 proponere
1007 991 1278 1055 omnino
1313 991 1733 1073 expediebat,
1773 996 1911 1060 imo
1939 996 2130 1061 etiarn
2157 1017 2283 1081 qua
2301 996 2637 1063 Restores

239 1081 337 1145 usi
360 1081 544 1157 sunt,
589 1091 663 1143 ut
691 1073 1099 1141 ostenderent
1130 1075 1319 1139 suum
1345 1095 1416 1137 re
1464 1095 1619 1139 num
1655 1097 1792 1139 non
1824 1079 1948 1143 effe
1974 1079 2041 1141 in
2070 1086 2248 1165 Virga
2256 1084 2477 1163 ferrea,
2516 1077 2634 1143 sed

242 1165 311 1228 in
338 1164 563 1228 Vinculis
591 1161 861 1224 charitatis
891 1161 1046 1222 oleo
1075 1158 1408 1221 mansuetu
1457 1158 1575 1222 inis
1599 1158 1662 1223 &
1689 1159 1964 1224 lenitatis
1987 1161 2372 1226 delibutum.
2459 1161 2632 1228 Scri-

240 1247 502 1329 pserunt
536 1243 829 1325 epistolas
866 1239 944 1305 ad
983 1238 1136 1321 ipsas
1172 1241 1411 1325 Ecclefias
1436 1287 1455 1313 ,
1512 1240 1662 1325 quia
1702 1261 1776 1306 ea
1798 1283 1821 1322 >
1866 1262 2016 1329 quae
2050 1243 2446 1323 scribebant,
2490 1262 2633 1308 non

242 1329 446 1397 modo
473 1326 551 1390 ad
563 1325 920 1406 Episcopos
933 1364 957 1404 2
989 1325 1053 1390 &
1072 1333 1350 1388 caeteros
1371 1324 1664 1391 Clericos
1680 1365 1705 1405 2
1728 1346 1965 1392 verum
1984 1326 2178 1392 etiam
2197 1345 2421 1393 omnes
2442 1327 2632 1402 Chri-

241 1413 316 1478 sti
341 1413 403 1478 &
424 1408 735 1475 Ecclesiae
759 1407 989 1472 fideles
1011 1406 1438 1488 pertinebant.
1542 1409 1743 1476 Hisce
1766 1409 2105 1479 contrariis
2129 1410 2515 1497 argumentis
2541 1410 2633 1483 sa-

241 1493 566 1565 tis-fastum
584 1492 710 1558 effe
734 1489 1079 1557 credimus,

1215 1665 1289 1768 §.
1342 1656 1672 1757 XXVII.

95 1871 103 1873 ⁴
238 1842 429 1975 DE
453 1836 663 1902 forma
695 1828 1095 1916 Regiminis‚
1141 1849 1333 1912 quam
1364 1829 1648 1896 Christus
1684 1831 1752 1895 in
1780 1831 1887 1897 sua
1924 1832 2214 1899 Ecclefia
2250 1832 2626 1914 constituit,

413 1940 550 1993 non
571 1918 700 1996 est,
745 1910 928 1999 quod
950 1914 1233 2006 multurn
1257 1910 1539 1978 dicamus
1572 1937 1587 1977 ε
1632 1914 1779 1978 alibi
1814 1915 1987 1982 enim
2013 1916 2176 1982 hanc
2199 1918 2628 2003 quaestionem

241 2006 440 2070 fUslUS
469 1999 852 2066 dedUXimUS
869 2035 892 2074 ³
949 1993 1012 2058 &
1040 1996 1363 2081 Regimen
1395 1997 1896 2066 Monarchicum
1932 1999 2352 2079 Aristocratia
2380 2013 2627 2085 tempe-e

238 2102 448 2154 ratum
473 2080 876 2149 defendimus
899 2077 939 2161 ζ
951 2077 1034 2162 a)
2336 2098 2340 2104 s

909 2214 2174 2361 cAPuT1t‘

319 2402 494 2498 DE
547 2394 1327 2494 HIERACHIA
1387 2397 2537 2501 ECCLESIASTICA;

235 2586 299 2680 ς,
331 2579 382 2654 l,
435 2574 641 2680 Qid,
688 2576 783 2656 ἐς*
822 2575 1160 2668 quotuplex
1175 2575 1256 2667 fit
1293 2577 1684 2650 Hierarchia
1717 2576 2169 2672 Ecclefiastica?
2275 2573 2365 2651 Π.
2411 2580 2528 2653 An
2558 2580 2624 2654 in

338 2678 597 2770 Ecclesia
628 2672 810 2745 detur
842 2671 1260 2754 Hierarchia,
1309 2674 1404 2754 ἐς
1433 2675 1678 2766 qualis?
1798 2672 1914 2749 111.
1963 2675 2184 2776 Qalis
2216 2673 2355 2747 olim
2374 2680 2621 2769 fuerit,

335 2776 432 2854 ἐς
459 2777 532 2865 fit
565 2769 742 2842 bodie
771 2770 985 2861 quoad
1009 2766 1181 2850 illos,
1215 2776 1317 2862 qui
1342 2768 1789 2845 Hierarcbiam
1820 2771 2237 2869 constituunt?
2326 2768 2457 2846 IV.
2508 2773 2623 2848 De

331 2873 621 2943 Praelatis
661 2867 928 2960 Ecclefiae
973 2866 1354 2963 Majoribus
1379 2923 1400 2954 ,
1443 2869 1758 2966 speciatim
1812 2870 1888 2943 de
1934 2873 2143 2965 Capite
2185 2867 2620 2963 Hierarchiae,

312 2969 428 3067 βα
460 2966 534 3040 de
569 2962 864 3050 Pontifice
893 2965 1206 3057 remiffive.
1326 2965 1421 3039 V.
1473 2966 1585 3040 De
1620 2965 2063 3041 cardinalibus.
2173 2965 2298 3039 Vl.
2349 2971 2464 3044 De
2488 2971 2621 3042 Pa·

328 3060 620 3143 triarchis
652 3059 1050 3152 Maioribus.
1143 3058 1302 3133 VII.
1361 3066 1470 3139 De
1503 3064 1892 3139 Patriarcbis
1923 3064 2328 3139 Minoribus.
2427 3062 2626 3157 vm.

331 3162 449 3238 De
484 3161 736 3256 Legatis
769 3157 1137 3245 Pontificiis.
1232 3157 1353 3233 IX.
1404 3162 1518 3234 De
1557 3162 1837 3235 Vicariis
1859 3161 2028 3237 Sedis
2052 3162 2434 3255 Apostolicae.
2524 3160 2621 3249 X.

327 3258 446 3334 De
470 3251 817 3339 Exarcbis,
850 3252 946 3333 δ’
966 3254 1364 3330 Primatibus.
1456 3255 1574 3329 Xl.
1624 3259 1738 3334 De
1760 3258 2220 3355 Metropolitis.
2316 3257 2468 3334 ΧΗ.
2501 3256 2620 3334 De

331 3356 653 3450 Eptftopis.
780 3347 971 3423 xm.
1026 3353 1136 3427 De
1170 3352 1643 3448 Coadjutoribus
1686 3356 2136 3453 Episcoporum.
2247 3353 2450 3430 XIV.
2503 3358 2619 3433 De

325 3453 619 3549 Capitulis
654 3444 1139 3524 cathedralibus.
1237 3449 1404 3531 XV.
1465 3453 1580 3529 De
1611 3453 1900 3530 Praelatis
1929 3453 2307 3533 Minoribus
2334 3459 2400 3530 in
2414 3454 2616 3553 specie

235 3640 342 3713 (b)
372 3642 482 3696 vid.
499 3643 673 3697 Differo.
694 3649 775 3698 vl.
792 3646 849 3699 de
867 3646 1084 3703 Pontifice
1094 3656 1136 3707 5·
1152 3646 1235 3699 lx.
2539 3551 2615 3626 de
