<?xml version="1.0" encoding="UTF-8"?>
<!DOCTYPE html PUBLIC "-//W3C//DTD XHTML 1.0 Transitional//EN"
    "http://www.w3.org/TR/xhtml1/DTD/xhtml1-transitional.dtd">
<html xmlns="http://www.w3.org/1999/xhtml" xml:lang="en" lang="en">
 <head>
  <title>
</title>
<meta http-equiv="Content-Type" content="text/html;charset=utf-8" />
  <meta name='ocr-system' content='tesseract 3.04.00' />
  <meta name='ocr-capabilities' content='ocr_page ocr_carea ocr_par ocr_line ocrx_word'/>
</head>
<body>
  <div class='ocr_page' id='page_1' title='image "./destatuecclesiae00zalluoft_0067.png"; bbox 0 0 2970 3918; ppageno 0'>
   <div class='ocr_carea' id='block_1_1' title="bbox 1093 118 2625 226">
    <p class='ocr_par' dir='ltr' id='par_1_1' title="bbox 1093 98 2625 226">
     <span class='ocr_line' id='line_1_1' title="bbox 1093 118 2625 226; baseline -0.007 -13"><span class='ocrx_word' id='word_1_1' title='bbox 1093 133 1209 213; x_wconf 84' lang='lat' dir='ltr'>De</span> <span class='ocrx_word' id='word_1_2' title='bbox 1246 130 1434 208; x_wconf 75' lang='lat' dir='ltr'>Statu</span> <span class='ocrx_word' id='word_1_3' title='bbox 1469 118 1762 226; x_wconf 61' lang='lat' dir='ltr'>Eccleffie.</span> <span class='ocrx_word' id='word_1_4' title='bbox 2521 148 2625 221; x_wconf 69' lang='lat'>47</span> 
     </span>
    </p>
   </div>
   <div class='ocr_carea' id='block_1_2' title="bbox 236 276 2635 1365">
    <p class='ocr_par' dir='ltr' id='par_1_2' title="bbox 236 276 2635 1365">
     <span class='ocr_line' id='line_1_2' title="bbox 236 276 2618 431; baseline -0.005 -75"><span class='ocrx_word' id='word_1_5' title='bbox 236 289 438 356; x_wconf 84' lang='lat' dir='ltr'>totius</span> <span class='ocrx_word' id='word_1_6' title='bbox 465 288 696 354; x_wconf 81' lang='lat' dir='ltr'>Coetus</span> <span class='ocrx_word' id='word_1_7' title='bbox 731 283 1067 352; x_wconf 80' lang='lat' dir='ltr'>Christiani</span> <span class='ocrx_word' id='word_1_8' title='bbox 1098 285 1586 370; x_wconf 78' lang='lat' dir='ltr'>usurpaverint,</span> <span class='ocrx_word' id='word_1_9' title='bbox 1630 281 1880 370; x_wconf 73' lang='lat' dir='ltr'>{ibique</span> <span class='ocrx_word' id='word_1_10' title='bbox 1912 280 2135 431; x_wconf 52' lang='lat' dir='ltr'>iniffe</span> <span class='ocrx_word' id='word_1_11' title='bbox 2158 276 2618 363; x_wconf 77' lang='lat' dir='ltr'>arrogaverint.</span> 
     </span>
     <span class='ocr_line' id='line_1_3' title="bbox 236 360 2621 460; baseline -0.007 -23"><span class='ocrx_word' id='word_1_12' title='bbox 236 377 352 437; x_wconf 85' lang='lat' dir='ltr'>An</span> <span class='ocrx_word' id='word_1_13' title='bbox 376 391 508 436; x_wconf 89' lang='lat' dir='ltr'>non</span> <span class='ocrx_word' id='word_1_14' title='bbox 542 371 671 435; x_wconf 91' lang='lat' dir='ltr'>hoc</span> <span class='ocrx_word' id='word_1_15' title='bbox 711 369 916 450; x_wconf 86' lang='lat' dir='ltr'>ipsum</span> <span class='ocrx_word' id='word_1_16' title='bbox 950 381 1313 460; x_wconf 82' lang='lat' dir='ltr'>queruntur</span> <span class='ocrx_word' id='word_1_17' title='bbox 1350 370 1539 435; x_wconf 91' lang='lat' dir='ltr'>multi</span> <span class='ocrx_word' id='word_1_18' title='bbox 1568 365 1866 432; x_wconf 84' lang='lat' dir='ltr'>hodierni</span> <span class='ocrx_word' id='word_1_19' title='bbox 1887 365 2005 432; x_wconf 88' lang='lat' dir='ltr'>Do</span> <span class='ocrx_word' id='word_1_20' title='bbox 2077 381 2226 430; x_wconf 92' lang='lat' dir='ltr'>ores</span> <span class='ocrx_word' id='word_1_21' title='bbox 2255 360 2621 426; x_wconf 86' lang='lat' dir='ltr'>Protestan-</span> 
     </span>
     <span class='ocr_line' id='line_1_4' title="bbox 237 445 2621 534; baseline -0.005 -16"><span class='ocrx_word' id='word_1_22' title='bbox 237 453 352 519; x_wconf 86' lang='lat' dir='ltr'>tici</span> <span class='ocrx_word' id='word_1_23' title='bbox 380 465 609 520; x_wconf 88' lang='lat' dir='ltr'>contra</span> <span class='ocrx_word' id='word_1_24' title='bbox 630 451 775 515; x_wconf 88' lang='lat' dir='ltr'>suos</span> <span class='ocrx_word' id='word_1_25' title='bbox 791 449 1159 530; x_wconf 80' lang='lat' dir='ltr'>Principes,</span> <span class='ocrx_word' id='word_1_26' title='bbox 1199 452 1294 516; x_wconf 89' lang='lat' dir='ltr'>illi</span> <span class='ocrx_word' id='word_1_27' title='bbox 1312 452 1745 531; x_wconf 71' lang='lat' dir='ltr'>potissimum,</span> <span class='ocrx_word' id='word_1_28' title='bbox 1786 448 1903 534; x_wconf 84' lang='lat' dir='ltr'>qui</span> <span class='ocrx_word' id='word_1_29' title='bbox 1920 448 2088 513; x_wconf 89' lang='lat' dir='ltr'>inter</span> <span class='ocrx_word' id='word_1_30' title='bbox 2116 445 2267 533; x_wconf 88' lang='lat' dir='ltr'>Jura</span> <span class='ocrx_word' id='word_1_31' title='bbox 2283 446 2621 526; x_wconf 73' lang='lat' dir='ltr'>Majestatica</span> 
     </span>
     <span class='ocr_line' id='line_1_5' title="bbox 240 527 2622 622; baseline -0.006 -20"><span class='ocrx_word' id='word_1_32' title='bbox 240 540 302 602; x_wconf 70' lang='grc' dir='ltr'>δε</span> <span class='ocrx_word' id='word_1_33' title='bbox 320 539 614 622; x_wconf 61' lang='lat' dir='ltr'>Collegium</span> <span class='ocrx_word' id='word_1_34' title='bbox 640 534 849 596; x_wconf 86' lang='lat' dir='ltr'><strong>solent</strong></span> <span class='ocrx_word' id='word_1_35' title='bbox 879 530 1310 617; x_wconf 68' lang='lat' dir='ltr'>distinguere?</span> <span class='ocrx_word' id='word_1_36' title='bbox 1396 537 1508 597; x_wconf 89' lang='lat' dir='ltr'>An</span> <span class='ocrx_word' id='word_1_37' title='bbox 1536 552 1670 598; x_wconf 85' lang='lat' dir='ltr'>non</span> <span class='ocrx_word' id='word_1_38' title='bbox 1695 531 2074 597; x_wconf 89' lang='lat' dir='ltr'>sinceriores</span> <span class='ocrx_word' id='word_1_39' title='bbox 2105 527 2366 615; x_wconf 89' lang='lat' dir='ltr'>quidam</span> <span class='ocrx_word' id='word_1_40' title='bbox 2389 528 2622 590; x_wconf 89' lang='lat' dir='ltr'>Prote-</span> 
     </span>
     <span class='ocr_line' id='line_1_6' title="bbox 237 609 2619 694; baseline -0.005 -10"><span class='ocrx_word' id='word_1_41' title='bbox 237 622 467 684; x_wconf 85' lang='lat' dir='ltr'>stantes</span> <span class='ocrx_word' id='word_1_42' title='bbox 486 657 508 692; x_wconf 65' lang='lat' dir='ltr'>a</span> <span class='ocrx_word' id='word_1_43' title='bbox 552 614 600 677; x_wconf 81' lang='lat' dir='ltr'>si</span> <span class='ocrx_word' id='word_1_44' title='bbox 639 635 773 678; x_wconf 88' lang='lat' dir='ltr'>non</span> <span class='ocrx_word' id='word_1_45' title='bbox 811 614 1097 694; x_wconf 84' lang='lat' dir='ltr'>expresse</span> <span class='ocrx_word' id='word_1_46' title='bbox 1122 654 1146 692; x_wconf 66' lang='lat'>2</span> <span class='ocrx_word' id='word_1_47' title='bbox 1184 615 1406 682; x_wconf 87' lang='lat' dir='ltr'>saltem</span> <span class='ocrx_word' id='word_1_48' title='bbox 1446 616 1637 680; x_wconf 87' lang='lat' dir='ltr'>tacite</span> <span class='ocrx_word' id='word_1_49' title='bbox 1671 614 1858 680; x_wconf 91' lang='lat' dir='ltr'>suum</span> <span class='ocrx_word' id='word_1_50' title='bbox 1897 631 2192 680; x_wconf 88' lang='lat' dir='ltr'>errorem</span> <span class='ocrx_word' id='word_1_51' title='bbox 2223 609 2619 694; x_wconf 84' lang='lat' dir='ltr'>Politicum,</span> 
     </span>
     <span class='ocr_line' id='line_1_7' title="bbox 238 692 2624 787; baseline -0.003 -22"><span class='ocrx_word' id='word_1_52' title='bbox 238 700 513 787; x_wconf 67' lang='lat' dir='ltr'>quemgse</span> <span class='ocrx_word' id='word_1_53' title='bbox 527 696 905 761; x_wconf 81' lang='lat' dir='ltr'>commisiffe</span> <span class='ocrx_word' id='word_1_54' title='bbox 922 694 1298 777; x_wconf 71' lang='lat' dir='ltr'><strong>deplorant,</strong></span> <span class='ocrx_word' id='word_1_55' title='bbox 1322 696 1630 775; x_wconf 75' lang='lat' dir='ltr'>fatentur,</span> <span class='ocrx_word' id='word_1_56' title='bbox 1644 695 1800 763; x_wconf 90' lang='lat' dir='ltr'>dum</span> <span class='ocrx_word' id='word_1_57' title='bbox 1811 709 2014 761; x_wconf 87' lang='lat' dir='ltr'>totam</span> <span class='ocrx_word' id='word_1_58' title='bbox 2025 698 2332 762; x_wconf 88' lang='lat' dir='ltr'>summam</span> <span class='ocrx_word' id='word_1_59' title='bbox 2356 692 2624 773; x_wconf 82' lang='lat' dir='ltr'>Imperii</span> 
     </span>
     <span class='ocr_line' id='line_1_8' title="bbox 237 774 2623 863; baseline -0.005 -13"><span class='ocrx_word' id='word_1_60' title='bbox 237 779 703 857; x_wconf 73' lang='lat' dir='ltr'>Ecclesiastici2</span> <span class='ocrx_word' id='word_1_61' title='bbox 747 778 917 863; x_wconf 87' lang='lat' dir='ltr'>Juris</span> <span class='ocrx_word' id='word_1_62' title='bbox 955 778 1023 842; x_wconf 91' lang='lat' dir='ltr'>in</span> <span class='ocrx_word' id='word_1_63' title='bbox 1053 781 1278 857; x_wconf 79' lang='lat' dir='ltr'>Sacra,</span> <span class='ocrx_word' id='word_1_64' title='bbox 1324 780 1386 846; x_wconf 89' lang='lat'>&amp;</span> <span class='ocrx_word' id='word_1_65' title='bbox 1421 781 1752 861; x_wconf 87' lang='lat' dir='ltr'>praecipue</span> <span class='ocrx_word' id='word_1_66' title='bbox 1780 781 1850 844; x_wconf 91' lang='lat' dir='ltr'>in</span> <span class='ocrx_word' id='word_1_67' title='bbox 1878 780 2051 844; x_wconf 91' lang='lat' dir='ltr'>bona</span> <span class='ocrx_word' id='word_1_68' title='bbox 2083 774 2520 843; x_wconf 87' lang='lat' dir='ltr'>Ecclesiastica</span> <span class='ocrx_word' id='word_1_69' title='bbox 2553 774 2623 839; x_wconf 89' lang='lat' dir='ltr'>in</span> 
     </span>
     <span class='ocr_line' id='line_1_9' title="bbox 238 857 2624 942; baseline -0.004 -13"><span class='ocrx_word' id='word_1_70' title='bbox 238 867 388 931; x_wconf 90' lang='lat' dir='ltr'>suos</span> <span class='ocrx_word' id='word_1_71' title='bbox 412 863 743 942; x_wconf 82' lang='lat' dir='ltr'>Principes</span> <span class='ocrx_word' id='word_1_72' title='bbox 774 859 1256 931; x_wconf 84' lang='lat' dir='ltr'>transtulerunt.</span> <span class='ocrx_word' id='word_1_73' title='bbox 1367 863 1625 927; x_wconf 86' lang='lat' dir='ltr'>Habent</span> <span class='ocrx_word' id='word_1_74' title='bbox 1653 865 1766 926; x_wconf 87' lang='lat' dir='ltr'>vel</span> <span class='ocrx_word' id='word_1_75' title='bbox 1790 863 2064 927; x_wconf 82' lang='lat' dir='ltr'>maxime</span> <span class='ocrx_word' id='word_1_76' title='bbox 2089 860 2375 942; x_wconf 90' lang='lat' dir='ltr'>ipsorum</span> <span class='ocrx_word' id='word_1_77' title='bbox 2404 857 2624 923; x_wconf 79' lang='lat' dir='ltr'>Pasto-</span> 
     </span>
     <span class='ocr_line' id='line_1_10' title="bbox 237 940 2622 1037; baseline -0.005 -23"><span class='ocrx_word' id='word_1_78' title='bbox 237 968 380 1026; x_wconf 73' lang='lat' dir='ltr'>reS,</span> <span class='ocrx_word' id='word_1_79' title='bbox 428 948 489 1013; x_wconf 84' lang='lat'>&amp;</span> <span class='ocrx_word' id='word_1_80' title='bbox 517 944 895 1022; x_wconf 59' lang='lat' dir='ltr'>Dostores,</span> <span class='ocrx_word' id='word_1_81' title='bbox 939 943 1122 1037; x_wconf 89' lang='lat' dir='ltr'>quod</span> <span class='ocrx_word' id='word_1_82' title='bbox 1142 955 1533 1032; x_wconf 75' lang='lat' dir='ltr'>querantur,</span> <span class='ocrx_word' id='word_1_83' title='bbox 1573 944 1685 1029; x_wconf 89' lang='lat' dir='ltr'>qui</span> <span class='ocrx_word' id='word_1_84' title='bbox 1714 945 1782 1007; x_wconf 90' lang='lat' dir='ltr'>in</span> <span class='ocrx_word' id='word_1_85' title='bbox 1801 940 1993 1009; x_wconf 87' lang='lat' dir='ltr'>rebus</span> <span class='ocrx_word' id='word_1_86' title='bbox 2029 944 2447 1028; x_wconf 81' lang='lat' dir='ltr'>Religionem</span> <span class='ocrx_word' id='word_1_87' title='bbox 2461 959 2622 1004; x_wconf 87' lang='lat' dir='ltr'>con-</span> 
     </span>
     <span class='ocr_line' id='line_1_11' title="bbox 239 1024 2635 1111; baseline -0.003 -15"><span class='ocrx_word' id='word_1_88' title='bbox 239 1030 658 1098; x_wconf 87' lang='lat' dir='ltr'>cernentibus</span> <span class='ocrx_word' id='word_1_89' title='bbox 690 1028 803 1091; x_wconf 83' lang='lat' dir='ltr'>vix</span> <span class='ocrx_word' id='word_1_90' title='bbox 833 1027 1215 1105; x_wconf 71' lang='lat' dir='ltr'>audiuntur,</span> <span class='ocrx_word' id='word_1_91' title='bbox 1259 1040 1366 1090; x_wconf 88' lang='lat' dir='ltr'>aut</span> <span class='ocrx_word' id='word_1_92' title='bbox 1386 1068 1408 1104; x_wconf 68' lang='lat'>2</span> <span class='ocrx_word' id='word_1_93' title='bbox 1455 1025 1638 1110; x_wconf 89' lang='lat' dir='ltr'>quod</span> <span class='ocrx_word' id='word_1_94' title='bbox 1670 1038 1891 1111; x_wconf 74' lang='lat' dir='ltr'>agant,</span> <span class='ocrx_word' id='word_1_95' title='bbox 1937 1028 2190 1091; x_wconf 86' lang='lat' dir='ltr'>habent.</span> <span class='ocrx_word' id='word_1_96' title='bbox 2318 1024 2635 1088; x_wconf 81' lang='lat' dir='ltr'>Similiter·</span> 
     </span>
     <span class='ocr_line' id='line_1_12' title="bbox 238 1107 2626 1203; baseline -0.006 -22"><span class='ocrx_word' id='word_1_97' title='bbox 238 1115 511 1191; x_wconf 70' lang='lat' dir='ltr'>habent,</span> <span class='ocrx_word' id='word_1_98' title='bbox 557 1109 739 1196; x_wconf 90' lang='lat' dir='ltr'>quod</span> <span class='ocrx_word' id='word_1_99' title='bbox 773 1121 1125 1203; x_wconf 82' lang='lat' dir='ltr'>querantur</span> <span class='ocrx_word' id='word_1_100' title='bbox 1166 1109 1440 1174; x_wconf 89' lang='lat' dir='ltr'>illustres</span> <span class='ocrx_word' id='word_1_101' title='bbox 1468 1108 1730 1173; x_wconf 74' lang='lat' dir='ltr'>familiae</span> <span class='ocrx_word' id='word_1_102' title='bbox 1747 1150 1771 1188; x_wconf 67' lang='lat'>2</span> <span class='ocrx_word' id='word_1_103' title='bbox 1818 1110 2049 1193; x_wconf 86' lang='lat' dir='ltr'>quibus</span> <span class='ocrx_word' id='word_1_104' title='bbox 2085 1109 2285 1172; x_wconf 85' lang='lat' dir='ltr'>ablata</span> <span class='ocrx_word' id='word_1_105' title='bbox 2315 1107 2459 1170; x_wconf 89' lang='lat' dir='ltr'>sunt</span> <span class='ocrx_word' id='word_1_106' title='bbox 2491 1125 2626 1168; x_wconf 82' lang='lat' dir='ltr'>me-</span> 
     </span>
     <span class='ocr_line' id='line_1_13' title="bbox 242 1188 2629 1278; baseline -0.002 -15"><span class='ocrx_word' id='word_1_107' title='bbox 242 1199 346 1263; x_wconf 89' lang='lat' dir='ltr'>dia</span> <span class='ocrx_word' id='word_1_108' title='bbox 378 1190 802 1262; x_wconf 86' lang='lat' dir='ltr'>conservandi</span> <span class='ocrx_word' id='word_1_109' title='bbox 840 1192 1251 1274; x_wconf 85' lang='lat' dir='ltr'>splendorem</span> <span class='ocrx_word' id='word_1_110' title='bbox 1287 1192 1669 1260; x_wconf 80' lang='lat' dir='ltr'>familiarum</span> <span class='ocrx_word' id='word_1_111' title='bbox 1697 1232 1723 1273; x_wconf 70' lang='grc'>,</span> <span class='ocrx_word' id='word_1_112' title='bbox 1767 1192 1883 1258; x_wconf 67' lang='lat' dir='ltr'>nili</span> <span class='ocrx_word' id='word_1_113' title='bbox 1926 1193 2268 1278; x_wconf 86' lang='lat' dir='ltr'>sequantur</span> <span class='ocrx_word' id='word_1_114' title='bbox 2310 1188 2629 1258; x_wconf 79' lang='lat' dir='ltr'>militiam.</span> 
     </span>
     <span class='ocr_line' id='line_1_14' title="bbox 242 1270 1923 1365; baseline -0.005 -17"><span class='ocrx_word' id='word_1_115' title='bbox 242 1279 370 1349; x_wconf 88' lang='lat' dir='ltr'>Sed</span> <span class='ocrx_word' id='word_1_116' title='bbox 403 1275 564 1365; x_wconf 90' lang='lat' dir='ltr'>quid</span> <span class='ocrx_word' id='word_1_117' title='bbox 592 1277 736 1342; x_wconf 84' lang='lat' dir='ltr'>haec</span> <span class='ocrx_word' id='word_1_118' title='bbox 764 1273 842 1341; x_wconf 87' lang='lat' dir='ltr'>ad</span> <span class='ocrx_word' id='word_1_119' title='bbox 876 1295 1021 1344; x_wconf 76' lang='lat' dir='ltr'>nos·</span> <span class='ocrx_word' id='word_1_120' title='bbox 1909 1270 1923 1281; x_wconf 46' lang='lat'><strong>⁸</strong></span> 
     </span>
    </p>
   </div>
   <div class='ocr_carea' id='block_1_3' title="bbox 1284 1445 1628 1560">
    <p class='ocr_par' dir='ltr' id='par_1_3' title="bbox 1284 1445 1628 1560">
     <span class='ocr_line' id='line_1_15' title="bbox 1284 1445 1628 1560; baseline 0.009 -23"><span class='ocrx_word' id='word_1_121' title='bbox 1284 1450 1357 1560; x_wconf 86' lang='lat'>§.</span> <span class='ocrx_word' id='word_1_122' title='bbox 1407 1445 1628 1542; x_wconf 87' lang='lat' dir='ltr'><strong>XXI.</strong></span> 
     </span>
    </p>
   </div>
   <div class='ocr_carea' id='block_1_4' title="bbox 235 1606 2683 3451">
    <p class='ocr_par' dir='ltr' id='par_1_4' title="bbox 235 1606 2683 3284">
     <span class='ocr_line' id='line_1_16' title="bbox 350 1606 2632 1705; baseline -0.007 -15"><span class='ocrx_word' id='word_1_123' title='bbox 350 1623 423 1690; x_wconf 88' lang='lat' dir='ltr'>X</span> <span class='ocrx_word' id='word_1_124' title='bbox 459 1621 558 1688; x_wconf 90' lang='lat' dir='ltr'>his</span> <span class='ocrx_word' id='word_1_125' title='bbox 602 1619 915 1705; x_wconf 87' lang='lat' dir='ltr'>colligere</span> <span class='ocrx_word' id='word_1_126' title='bbox 954 1619 1109 1685; x_wconf 89' lang='lat' dir='ltr'>licet</span> <span class='ocrx_word' id='word_1_127' title='bbox 1153 1660 1175 1698; x_wconf 55' lang='lat'>3</span> <span class='ocrx_word' id='word_1_128' title='bbox 1229 1621 1449 1703; x_wconf 90' lang='lat' dir='ltr'>quanti</span> <span class='ocrx_word' id='word_1_129' title='bbox 1486 1617 1734 1683; x_wconf 86' lang='lat' dir='ltr'>interfit</span> <span class='ocrx_word' id='word_1_130' title='bbox 1771 1615 2136 1700; x_wconf 85' lang='lat' dir='ltr'>Religionis</span> <span class='ocrx_word' id='word_1_131' title='bbox 2158 1658 2182 1697; x_wconf 60' lang='lat'>2</span> <span class='ocrx_word' id='word_1_132' title='bbox 2215 1617 2278 1683; x_wconf 70' lang='grc' dir='ltr'>ὅτ</span> <span class='ocrx_word' id='word_1_133' title='bbox 2322 1606 2632 1684; x_wconf 80' lang='lat' dir='ltr'>Ecclesiae</span> 
     </span>
     <span class='ocr_line' id='line_1_17' title="bbox 341 1693 2632 1786; baseline -0.004 -17"><span class='ocrx_word' id='word_1_134' title='bbox 341 1770 353 1781; x_wconf 77' lang='grc'><em>,</em></span> <span class='ocrx_word' id='word_1_135' title='bbox 395 1706 753 1782; x_wconf 74' lang='lat' dir='ltr'>Catholicae</span> <span class='ocrx_word' id='word_1_136' title='bbox 782 1745 806 1783; x_wconf 63' lang='lat'>2</span> <span class='ocrx_word' id='word_1_137' title='bbox 835 1716 911 1767; x_wconf 90' lang='lat' dir='ltr'>ut</span> <span class='ocrx_word' id='word_1_138' title='bbox 938 1704 1082 1767; x_wconf 89' lang='lat' dir='ltr'>haec</span> <span class='ocrx_word' id='word_1_139' title='bbox 1119 1703 1391 1786; x_wconf 85' lang='lat' dir='ltr'>quaestio</span> <span class='ocrx_word' id='word_1_140' title='bbox 1418 1723 1539 1783; x_wconf 88' lang='lat' dir='ltr'>pro</span> <span class='ocrx_word' id='word_1_141' title='bbox 1566 1704 1692 1766; x_wconf 91' lang='lat' dir='ltr'>suis</span> <span class='ocrx_word' id='word_1_142' title='bbox 1722 1699 1968 1764; x_wconf 86' lang='lat' dir='ltr'>meritis</span> <span class='ocrx_word' id='word_1_143' title='bbox 1999 1722 2192 1786; x_wconf 90' lang='lat' dir='ltr'>quam</span> <span class='ocrx_word' id='word_1_144' title='bbox 2235 1693 2632 1785; x_wconf 85' lang='lat' dir='ltr'>diligentiffi-</span> 
     </span>
     <span class='ocr_line' id='line_1_18' title="bbox 242 1784 2632 1869; baseline -0.008 -10"><span class='ocrx_word' id='word_1_145' title='bbox 242 1812 350 1859; x_wconf 87' lang='lat' dir='ltr'>me</span> <span class='ocrx_word' id='word_1_146' title='bbox 388 1788 823 1854; x_wconf 84' lang='lat' dir='ltr'>examinetur:</span> <span class='ocrx_word' id='word_1_147' title='bbox 868 1805 1013 1849; x_wconf 89' lang='lat' dir='ltr'>nam</span> <span class='ocrx_word' id='word_1_148' title='bbox 1051 1784 1313 1850; x_wconf 84' lang='lat' dir='ltr'>admiffo</span> <span class='ocrx_word' id='word_1_149' title='bbox 1341 1787 1537 1848; x_wconf 78' lang='lat' dir='ltr'>semel</span> <span class='ocrx_word' id='word_1_150' title='bbox 1578 1790 1856 1869; x_wconf 67' lang='lat' dir='ltr'>systemate</span> <span class='ocrx_word' id='word_1_151' title='bbox 1887 1787 2254 1863; x_wconf 75' lang='lat' dir='ltr'>protestantico</span> <span class='ocrx_word' id='word_1_152' title='bbox 2283 1784 2493 1848; x_wconf 85' lang='lat' dir='ltr'>ferme</span> <span class='ocrx_word' id='word_1_153' title='bbox 2527 1791 2632 1842; x_wconf 83' lang='lat' dir='ltr'>to-</span> 
     </span>
     <span class='ocr_line' id='line_1_19' title="bbox 241 1863 2631 1943; baseline -0.007 -4"><span class='ocrx_word' id='word_1_154' title='bbox 241 1887 372 1939; x_wconf 88' lang='lat' dir='ltr'>tam</span> <span class='ocrx_word' id='word_1_155' title='bbox 395 1870 703 1938; x_wconf 85' lang='lat' dir='ltr'>Ecclefiae</span> <span class='ocrx_word' id='word_1_156' title='bbox 739 1867 1098 1932; x_wconf 78' lang='lat' dir='ltr'>Catholicae</span> <span class='ocrx_word' id='word_1_157' title='bbox 1152 1871 1396 1931; x_wconf 88' lang='lat' dir='ltr'>molem</span> <span class='ocrx_word' id='word_1_158' title='bbox 1437 1885 1750 1930; x_wconf 83' lang='lat' dir='ltr'>corruere</span> <span class='ocrx_word' id='word_1_159' title='bbox 1779 1865 2103 1929; x_wconf 85' lang='lat' dir='ltr'>neceffum</span> <span class='ocrx_word' id='word_1_160' title='bbox 2128 1863 2221 1929; x_wconf 89' lang='lat' dir='ltr'>est</span> <span class='ocrx_word' id='word_1_161' title='bbox 2248 1905 2272 1943; x_wconf 61' lang='lat'>2</span> <span class='ocrx_word' id='word_1_162' title='bbox 2315 1872 2631 1930; x_wconf 90' lang='lat' dir='ltr'>corruent</span> 
     </span>
     <span class='ocr_line' id='line_1_20' title="bbox 240 1944 2630 2042; baseline -0.007 -19"><span class='ocrx_word' id='word_1_163' title='bbox 240 1957 538 2042; x_wconf 87' lang='lat' dir='ltr'>dogmata</span> <span class='ocrx_word' id='word_1_164' title='bbox 568 1952 903 2018; x_wconf 88' lang='lat' dir='ltr'>Catholica</span> <span class='ocrx_word' id='word_1_165' title='bbox 928 1950 1178 2026; x_wconf 74' lang='lat' dir='ltr'>omnia,</span> <span class='ocrx_word' id='word_1_166' title='bbox 1218 1969 1366 2034; x_wconf 86' lang='lat' dir='ltr'>quae</span> <span class='ocrx_word' id='word_1_167' title='bbox 1398 1970 1534 2013; x_wconf 88' lang='lat' dir='ltr'>non</span> <span class='ocrx_word' id='word_1_168' title='bbox 1569 1949 1685 2012; x_wconf 85' lang='lat' dir='ltr'>nisi</span> <span class='ocrx_word' id='word_1_169' title='bbox 1716 1967 1797 2011; x_wconf 84' lang='lat' dir='ltr'>ex</span> <span class='ocrx_word' id='word_1_170' title='bbox 1827 1948 2213 2012; x_wconf 89' lang='lat' dir='ltr'>Traditione</span> <span class='ocrx_word' id='word_1_171' title='bbox 2240 1989 2262 2025; x_wconf 74' lang='lat'>,</span> <span class='ocrx_word' id='word_1_172' title='bbox 2301 1944 2630 2011; x_wconf 85' lang='lat' dir='ltr'>definitio-</span> 
     </span>
     <span class='ocr_line' id='line_1_21' title="bbox 240 2027 2630 2113; baseline -0.007 -6"><span class='ocrx_word' id='word_1_173' title='bbox 240 2062 324 2107; x_wconf 90' lang='lat' dir='ltr'>ne</span> <span class='ocrx_word' id='word_1_174' title='bbox 354 2035 807 2105; x_wconf 85' lang='lat' dir='ltr'>Conciliorum</span> <span class='ocrx_word' id='word_1_175' title='bbox 834 2073 860 2113; x_wconf 63' lang='lat'>2</span> <span class='ocrx_word' id='word_1_176' title='bbox 896 2032 958 2099; x_wconf 85' lang='lat'>&amp;</span> <span class='ocrx_word' id='word_1_177' title='bbox 983 2034 1272 2096; x_wconf 87' lang='lat' dir='ltr'>unanimi</span> <span class='ocrx_word' id='word_1_178' title='bbox 1299 2032 1480 2098; x_wconf 86' lang='lat' dir='ltr'>sensu</span> <span class='ocrx_word' id='word_1_179' title='bbox 1504 2036 1763 2098; x_wconf 68' lang='lat' dir='ltr'>Pati-um</span> <span class='ocrx_word' id='word_1_180' title='bbox 1791 2032 2068 2108; x_wconf 86' lang='lat' dir='ltr'>probare</span> <span class='ocrx_word' id='word_1_181' title='bbox 2090 2030 2438 2112; x_wconf 77' lang='lat' dir='ltr'>postumus,</span> <span class='ocrx_word' id='word_1_182' title='bbox 2485 2027 2630 2092; x_wconf 77' lang='lat' dir='ltr'>Ces-</span> 
     </span>
     <span class='ocr_line' id='line_1_22' title="bbox 241 2111 2632 2260; baseline -0.005 -73"><span class='ocrx_word' id='word_1_183' title='bbox 241 2123 396 2188; x_wconf 86' lang='lat' dir='ltr'>sabit</span> <span class='ocrx_word' id='word_1_184' title='bbox 425 2119 769 2185; x_wconf 86' lang='lat' dir='ltr'>discrimen</span> <span class='ocrx_word' id='word_1_185' title='bbox 787 2116 972 2196; x_wconf 87' lang='lat' dir='ltr'>juxta</span> <span class='ocrx_word' id='word_1_186' title='bbox 998 2127 1285 2181; x_wconf 90' lang='lat' dir='ltr'>mentem</span> <span class='ocrx_word' id='word_1_187' title='bbox 1308 2117 1625 2181; x_wconf 79' lang='lat' dir='ltr'>Ecclesiae</span> <span class='ocrx_word' id='word_1_188' title='bbox 1658 2114 1898 2180; x_wconf 83' lang='lat' dir='ltr'>nostrae</span> <span class='ocrx_word' id='word_1_189' title='bbox 1932 2134 2016 2179; x_wconf 81' lang='lat' dir='ltr'>ex</span> <span class='ocrx_word' id='word_1_190' title='bbox 2056 2112 2399 2260; x_wconf 62' lang='lat' dir='ltr'>ipsoffJure</span> <span class='ocrx_word' id='word_1_191' title='bbox 2435 2111 2632 2175; x_wconf 77' lang='lat' dir='ltr'>Divi-</span> 
     </span>
     <span class='ocr_line' id='line_1_23' title="bbox 240 2193 2631 2287; baseline -0.006 -17"><span class='ocrx_word' id='word_1_192' title='bbox 240 2226 331 2270; x_wconf 87' lang='lat' dir='ltr'>no</span> <span class='ocrx_word' id='word_1_193' title='bbox 358 2203 753 2287; x_wconf 86' lang='lat' dir='ltr'>proveniens</span> <span class='ocrx_word' id='word_1_194' title='bbox 781 2200 952 2265; x_wconf 89' lang='lat' dir='ltr'>inter</span> <span class='ocrx_word' id='word_1_195' title='bbox 980 2200 1198 2263; x_wconf 70' lang='lat' dir='ltr'>clericos</span> <span class='ocrx_word' id='word_1_196' title='bbox 1224 2198 1286 2264; x_wconf 87' lang='lat'>&amp;</span> <span class='ocrx_word' id='word_1_197' title='bbox 1318 2205 1524 2263; x_wconf 64' lang='grc' dir='ltr'><strong><em>[Λίσος.</em></strong></span> <span class='ocrx_word' id='word_1_198' title='bbox 1600 2199 1958 2262; x_wconf 84' lang='lat' dir='ltr'>Evanescet</span> <span class='ocrx_word' id='word_1_199' title='bbox 1999 2196 2190 2263; x_wconf 88' lang='lat' dir='ltr'>succe</span> <span class='ocrx_word' id='word_1_200' title='bbox 2244 2217 2308 2260; x_wconf 88' lang='lat' dir='ltr'>io</span> <span class='ocrx_word' id='word_1_201' title='bbox 2349 2193 2631 2279; x_wconf 82' lang='lat' dir='ltr'>legitima</span> 
     </span>
     <span class='ocr_line' id='line_1_24' title="bbox 241 2278 2632 2362; baseline -0.005 -10"><span class='ocrx_word' id='word_1_202' title='bbox 241 2283 645 2353; x_wconf 87' lang='lat' dir='ltr'>Pontificum</span> <span class='ocrx_word' id='word_1_203' title='bbox 680 2282 744 2347; x_wconf 78' lang='grc' dir='ltr'>δι</span> <span class='ocrx_word' id='word_1_204' title='bbox 766 2281 1243 2362; x_wconf 82' lang='lat' dir='ltr'>Episcoporum</span> <span class='ocrx_word' id='word_1_205' title='bbox 1266 2280 1335 2343; x_wconf 90' lang='lat' dir='ltr'>in</span> <span class='ocrx_word' id='word_1_206' title='bbox 1358 2300 1629 2345; x_wconf 88' lang='lat' dir='ltr'>munere</span> <span class='ocrx_word' id='word_1_207' title='bbox 1651 2281 2044 2359; x_wconf 90' lang='lat' dir='ltr'>Apostolico</span> <span class='ocrx_word' id='word_1_208' title='bbox 2066 2321 2090 2359; x_wconf 81' lang='lat'><strong>&gt;</strong></span> <span class='ocrx_word' id='word_1_209' title='bbox 2119 2280 2375 2344; x_wconf 89' lang='lat' dir='ltr'>labetur</span> <span class='ocrx_word' id='word_1_210' title='bbox 2401 2278 2632 2342; x_wconf 84' lang='lat' dir='ltr'>autho-</span> 
     </span>
     <span class='ocr_line' id='line_1_25' title="bbox 239 2361 2624 2508; baseline -0.005 -74"><span class='ocrx_word' id='word_1_211' title='bbox 239 2371 391 2434; x_wconf 88' lang='lat' dir='ltr'>ritas</span> <span class='ocrx_word' id='word_1_212' title='bbox 410 2365 838 2431; x_wconf 84' lang='lat' dir='ltr'>Concilorum</span> <span class='ocrx_word' id='word_1_213' title='bbox 855 2404 889 2442; x_wconf 60' lang='lat'><strong>7</strong></span> <span class='ocrx_word' id='word_1_214' title='bbox 924 2361 1201 2444; x_wconf 91' lang='lat' dir='ltr'>potestas</span> <span class='ocrx_word' id='word_1_215' title='bbox 1235 2363 1634 2428; x_wconf 87' lang='lat' dir='ltr'>Pontificum</span> <span class='ocrx_word' id='word_1_216' title='bbox 1653 2403 1677 2441; x_wconf 62' lang='lat'>2</span> <span class='ocrx_word' id='word_1_217' title='bbox 1714 2361 2090 2508; x_wconf 55' lang='lat' dir='ltr'>gurisdistio</span> <span class='ocrx_word' id='word_1_218' title='bbox 2121 2363 2624 2442; x_wconf 83' lang='lat' dir='ltr'>Episcoporum,</span> 
     </span>
     <span class='ocr_line' id='line_1_26' title="bbox 245 2442 2629 2525; baseline -0.005 -10"><span class='ocrx_word' id='word_1_219' title='bbox 245 2449 490 2515; x_wconf 86' lang='lat' dir='ltr'>desinet</span> <span class='ocrx_word' id='word_1_220' title='bbox 517 2444 823 2512; x_wconf 71' lang='lat' dir='ltr'>Hierarcbia</span> <span class='ocrx_word' id='word_1_221' title='bbox 848 2444 1321 2522; x_wconf 79' lang='lat' dir='ltr'>Ecclesiastica,</span> <span class='ocrx_word' id='word_1_222' title='bbox 1351 2445 1464 2509; x_wconf 86' lang='lat' dir='ltr'>vix</span> <span class='ocrx_word' id='word_1_223' title='bbox 1479 2449 1610 2509; x_wconf 89' lang='lat' dir='ltr'>ulla</span> <span class='ocrx_word' id='word_1_224' title='bbox 1637 2445 1713 2508; x_wconf 91' lang='lat' dir='ltr'>da</span> <span class='ocrx_word' id='word_1_225' title='bbox 1761 2445 1887 2508; x_wconf 89' lang='lat' dir='ltr'>itur</span> <span class='ocrx_word' id='word_1_226' title='bbox 1909 2445 2049 2510; x_wconf 87' lang='lat' dir='ltr'>Lex</span> <span class='ocrx_word' id='word_1_227' title='bbox 2065 2442 2503 2510; x_wconf 86' lang='lat' dir='ltr'>Ecclesiastica</span> <span class='ocrx_word' id='word_1_228' title='bbox 2516 2442 2629 2525; x_wconf 80' lang='lat' dir='ltr'>(a)</span> 
     </span>
     <span class='ocr_line' id='line_1_27' title="bbox 239 2525 2629 2612; baseline -0.005 -13"><span class='ocrx_word' id='word_1_229' title='bbox 239 2531 534 2612; x_wconf 80' lang='lat' dir='ltr'>Majestas</span> <span class='ocrx_word' id='word_1_230' title='bbox 566 2527 878 2594; x_wconf 84' lang='lat' dir='ltr'>Ecclesiae</span> <span class='ocrx_word' id='word_1_231' title='bbox 905 2527 1044 2593; x_wconf 88' lang='lat' dir='ltr'>redi</span> <span class='ocrx_word' id='word_1_232' title='bbox 1090 2541 1236 2592; x_wconf 90' lang='lat' dir='ltr'>etur</span> <span class='ocrx_word' id='word_1_233' title='bbox 1274 2528 1479 2592; x_wconf 88' lang='lat' dir='ltr'>ferme</span> <span class='ocrx_word' id='word_1_234' title='bbox 1521 2527 1599 2592; x_wconf 90' lang='lat' dir='ltr'>ad</span> <span class='ocrx_word' id='word_1_235' title='bbox 1628 2528 1902 2593; x_wconf 89' lang='lat' dir='ltr'>nihilum</span> <span class='ocrx_word' id='word_1_236' title='bbox 1928 2569 1951 2608; x_wconf 64' lang='lat'>9</span> <span class='ocrx_word' id='word_1_237' title='bbox 1994 2542 2260 2593; x_wconf 87' lang='lat' dir='ltr'>econtra</span> <span class='ocrx_word' id='word_1_238' title='bbox 2308 2525 2629 2611; x_wconf 88' lang='lat' dir='ltr'>quidquid</span> 
     </span>
     <span class='ocr_line' id='line_1_28' title="bbox 239 2609 2627 2697; baseline -0.004 -17"><span class='ocrx_word' id='word_1_239' title='bbox 239 2616 310 2680; x_wconf 87' lang='lat' dir='ltr'>in</span> <span class='ocrx_word' id='word_1_240' title='bbox 331 2611 623 2680; x_wconf 74' lang='lat' dir='ltr'>Ecclesia</span> <span class='ocrx_word' id='word_1_241' title='bbox 651 2609 811 2676; x_wconf 85' lang='lat' dir='ltr'>sacri</span> <span class='ocrx_word' id='word_1_242' title='bbox 842 2612 904 2685; x_wconf 75' lang='grc' dir='ltr'>δε</span> <span class='ocrx_word' id='word_1_243' title='bbox 928 2609 1032 2675; x_wconf 89' lang='lat' dir='ltr'>san</span> <span class='ocrx_word' id='word_1_244' title='bbox 1103 2612 1122 2674; x_wconf 90' lang='lat' dir='ltr'>i</span> <span class='ocrx_word' id='word_1_245' title='bbox 1153 2610 1245 2675; x_wconf 89' lang='lat' dir='ltr'>est</span> <span class='ocrx_word' id='word_1_246' title='bbox 1271 2651 1294 2690; x_wconf 65' lang='lat'>2</span> <span class='ocrx_word' id='word_1_247' title='bbox 1324 2611 1615 2693; x_wconf 82' lang='lat' dir='ltr'>exceptis</span> <span class='ocrx_word' id='word_1_248' title='bbox 1647 2611 1721 2675; x_wconf 88' lang='lat' dir='ltr'>iis</span> <span class='ocrx_word' id='word_1_249' title='bbox 1759 2651 1784 2689; x_wconf 79' lang='lat'>,</span> <span class='ocrx_word' id='word_1_250' title='bbox 1841 2629 1990 2697; x_wconf 86' lang='lat' dir='ltr'>quae</span> <span class='ocrx_word' id='word_1_251' title='bbox 2036 2611 2114 2675; x_wconf 90' lang='lat' dir='ltr'>ad</span> <span class='ocrx_word' id='word_1_252' title='bbox 2155 2609 2627 2677; x_wconf 87' lang='lat' dir='ltr'>confeffionem</span> 
     </span>
     <span class='ocr_line' id='line_1_29' title="bbox 237 2691 2628 2776; baseline -0.004 -12"><span class='ocrx_word' id='word_1_253' title='bbox 237 2697 400 2764; x_wconf 82' lang='lat' dir='ltr'>fidei</span> <span class='ocrx_word' id='word_1_254' title='bbox 447 2696 767 2761; x_wconf 87' lang='lat' dir='ltr'>internam</span> <span class='ocrx_word' id='word_1_255' title='bbox 854 2694 1136 2759; x_wconf 88' lang='lat' dir='ltr'>ertinent</span> <span class='ocrx_word' id='word_1_256' title='bbox 1178 2697 1365 2758; x_wconf 87' lang='lat' dir='ltr'>velut</span> <span class='ocrx_word' id='word_1_257' title='bbox 1399 2693 1711 2776; x_wconf 80' lang='lat' dir='ltr'>appendix</span> <span class='ocrx_word' id='word_1_258' title='bbox 1743 2694 2007 2759; x_wconf 84' lang='lat' dir='ltr'>summae</span> <span class='ocrx_word' id='word_1_259' title='bbox 2052 2693 2362 2760; x_wconf 86' lang='lat' dir='ltr'>Potestati</span> <span class='ocrx_word' id='word_1_260' title='bbox 2405 2691 2628 2759; x_wconf 80' lang='lat' dir='ltr'>cohae-</span> 
     </span>
     <span class='ocr_line' id='line_1_30' title="bbox 235 2714 2683 2872; baseline -0.004 -26"><span class='ocrx_word' id='word_1_261' title='bbox 235 2801 387 2847; x_wconf 86' lang='lat' dir='ltr'>rens</span> <span class='ocrx_word' id='word_1_262' title='bbox 416 2779 564 2860; x_wconf 74' lang='lat' dir='ltr'>Jure</span> <span class='ocrx_word' id='word_1_263' title='bbox 605 2714 1018 2843; x_wconf 65' lang='lat' dir='ltr'>haereditario</span> <span class='ocrx_word' id='word_1_264' title='bbox 1063 2797 1144 2842; x_wconf 83' lang='lat' dir='ltr'>ex</span> <span class='ocrx_word' id='word_1_265' title='bbox 1186 2780 1328 2872; x_wconf 81' lang='lat' dir='ltr'>lege</span> <span class='ocrx_word' id='word_1_266' title='bbox 1362 2790 1489 2842; x_wconf 90' lang='lat' dir='ltr'>tam</span> <span class='ocrx_word' id='word_1_267' title='bbox 1514 2778 1784 2842; x_wconf 88' lang='lat' dir='ltr'>naturali</span> <span class='ocrx_word' id='word_1_268' title='bbox 1819 2798 2015 2862; x_wconf 87' lang='lat' dir='ltr'>quam</span> <span class='ocrx_word' id='word_1_269' title='bbox 2048 2777 2264 2842; x_wconf 88' lang='lat' dir='ltr'>divina</span> <span class='ocrx_word' id='word_1_270' title='bbox 2295 2775 2512 2841; x_wconf 87' lang='lat' dir='ltr'>delato</span> <span class='ocrx_word' id='word_1_271' title='bbox 2547 2771 2627 2837; x_wconf 90' lang='lat' dir='ltr'>ad</span> <span class='ocrx_word' id='word_1_272' title='bbox 2680 2844 2683 2846; x_wconf 46' lang='grc'>,</span> 
     </span>
     <span class='ocr_line' id='line_1_31' title="bbox 238 2858 2632 2946; baseline -0.005 -14"><span class='ocrx_word' id='word_1_273' title='bbox 238 2861 570 2942; x_wconf 84' lang='lat' dir='ltr'>Principes</span> <span class='ocrx_word' id='word_1_274' title='bbox 596 2858 934 2925; x_wconf 84' lang='lat' dir='ltr'>saeculares</span> <span class='ocrx_word' id='word_1_275' title='bbox 956 2862 1303 2942; x_wconf 82' lang='lat' dir='ltr'>pertinebit</span> <span class='ocrx_word' id='word_1_276' title='bbox 1323 2902 1345 2939; x_wconf 61' lang='lat'>2</span> <span class='ocrx_word' id='word_1_277' title='bbox 1375 2860 1634 2946; x_wconf 87' lang='lat' dir='ltr'>jamque</span> <span class='ocrx_word' id='word_1_278' title='bbox 1669 2861 1953 2928; x_wconf 82' lang='lat' dir='ltr'>Ecclesia</span> <span class='ocrx_word' id='word_1_279' title='bbox 1977 2902 1999 2940; x_wconf 79' lang='lat'>,</span> <span class='ocrx_word' id='word_1_280' title='bbox 2033 2880 2181 2946; x_wconf 89' lang='lat' dir='ltr'>quae</span> <span class='ocrx_word' id='word_1_281' title='bbox 2206 2870 2351 2925; x_wconf 88' lang='lat' dir='ltr'>ante</span> <span class='ocrx_word' id='word_1_282' title='bbox 2379 2870 2632 2939; x_wconf 88' lang='lat' dir='ltr'>tempo-</span> 
     </span>
     <span class='ocr_line' id='line_1_32' title="bbox 242 2942 2630 3027; baseline -0.003 -14"><span class='ocrx_word' id='word_1_283' title='bbox 242 2970 313 3013; x_wconf 88' lang='lat' dir='ltr'>ra</span> <span class='ocrx_word' id='word_1_284' title='bbox 342 2942 858 3011; x_wconf 85' lang='lat' dir='ltr'>Reformationis</span> <span class='ocrx_word' id='word_1_285' title='bbox 881 2942 1331 3008; x_wconf 85' lang='lat' dir='ltr'>dominabatur</span> <span class='ocrx_word' id='word_1_286' title='bbox 1356 2955 1654 3027; x_wconf 87' lang='lat' dir='ltr'>tanquam</span> <span class='ocrx_word' id='word_1_287' title='bbox 1681 2943 2008 3024; x_wconf 67' lang='lat' dir='ltr'>Domina,</span> <span class='ocrx_word' id='word_1_288' title='bbox 2041 2965 2214 3009; x_wconf 89' lang='lat' dir='ltr'>nunc</span> <span class='ocrx_word' id='word_1_289' title='bbox 2241 2949 2277 3009; x_wconf 84' lang='lat' dir='ltr'>e&#39;</span> <span class='ocrx_word' id='word_1_290' title='bbox 2305 2945 2419 3008; x_wconf 87' lang='lat' dir='ltr'>suo</span> <span class='ocrx_word' id='word_1_291' title='bbox 2451 2943 2630 3006; x_wconf 89' lang='lat' dir='ltr'>thro-</span> 
     </span>
     <span class='ocr_line' id='line_1_33' title="bbox 245 3026 2628 3097; baseline -0.004 -1"><span class='ocrx_word' id='word_1_292' title='bbox 245 3051 333 3096; x_wconf 91' lang='lat' dir='ltr'>no</span> <span class='ocrx_word' id='word_1_293' title='bbox 377 3028 710 3097; x_wconf 87' lang='lat' dir='ltr'>deturbata</span> <span class='ocrx_word' id='word_1_294' title='bbox 738 3026 945 3090; x_wconf 85' lang='lat' dir='ltr'>veluti</span> <span class='ocrx_word' id='word_1_295' title='bbox 971 3027 1204 3091; x_wconf 85' lang='lat' dir='ltr'>ancilla</span> <span class='ocrx_word' id='word_1_296' title='bbox 1223 3027 1843 3092; x_wconf 84' lang='lat' dir='ltr'>PotestatiPoliticae</span> <span class='ocrx_word' id='word_1_297' title='bbox 1872 3026 2302 3092; x_wconf 86' lang='lat' dir='ltr'>famulabitur.</span> <span class='ocrx_word' id='word_1_298' title='bbox 2334 3030 2464 3092; x_wconf 84' lang='lat' dir='ltr'>Pro</span> <span class='ocrx_word' id='word_1_299' title='bbox 2497 3027 2628 3089; x_wconf 90' lang='lat' dir='ltr'>hoc</span> 
     </span>
     <span class='ocr_line' id='line_1_34' title="bbox 244 3107 2630 3199; baseline -0.001 -23"><span class='ocrx_word' id='word_1_300' title='bbox 244 3112 576 3199; x_wconf 85' lang='lat' dir='ltr'>systemate</span> <span class='ocrx_word' id='word_1_301' title='bbox 606 3107 836 3175; x_wconf 86' lang='lat' dir='ltr'>clarius</span> <span class='ocrx_word' id='word_1_302' title='bbox 862 3108 1235 3175; x_wconf 90' lang='lat' dir='ltr'>illustrando</span> <span class='ocrx_word' id='word_1_303' title='bbox 1268 3110 1596 3193; x_wconf 86' lang='lat' dir='ltr'>praecipua</span> <span class='ocrx_word' id='word_1_304' title='bbox 1632 3111 1803 3175; x_wconf 88' lang='lat' dir='ltr'>illius</span> <span class='ocrx_word' id='word_1_305' title='bbox 1830 3111 2035 3192; x_wconf 88' lang='lat' dir='ltr'>capita</span> <span class='ocrx_word' id='word_1_306' title='bbox 2061 3110 2535 3187; x_wconf 63' lang='lat' dir='ltr'>examinemus&gt;</span> <span class='ocrx_word' id='word_1_307' title='bbox 2565 3107 2630 3174; x_wconf 84' lang='lat'>&amp;</span> 
     </span>
     <span class='ocr_line' id='line_1_35' title="bbox 243 3189 2634 3284; baseline -0.003 -22"><span class='ocrx_word' id='word_1_308' title='bbox 243 3192 404 3284; x_wconf 90' lang='lat' dir='ltr'>quid</span> <span class='ocrx_word' id='word_1_309' title='bbox 426 3193 590 3261; x_wconf 90' lang='lat' dir='ltr'>DD.</span> <span class='ocrx_word' id='word_1_310' title='bbox 609 3189 1056 3261; x_wconf 87' lang='lat' dir='ltr'>Protestantici</span> <span class='ocrx_word' id='word_1_311' title='bbox 1080 3194 1443 3278; x_wconf 89' lang='lat' dir='ltr'>promiscue</span> <span class='ocrx_word' id='word_1_312' title='bbox 1463 3191 1758 3278; x_wconf 81' lang='lat' dir='ltr'>(diversa</span> <span class='ocrx_word' id='word_1_313' title='bbox 1785 3194 2051 3261; x_wconf 89' lang='lat' dir='ltr'>illorum</span> <span class='ocrx_word' id='word_1_314' title='bbox 2069 3193 2380 3278; x_wconf 84' lang='lat' dir='ltr'>principia</span> <span class='ocrx_word' id='word_1_315' title='bbox 2403 3193 2464 3260; x_wconf 88' lang='lat'>&amp;</span> <span class='ocrx_word' id='word_1_316' title='bbox 2488 3193 2634 3274; x_wconf 68' lang='lat' dir='ltr'>opi-‘</span> 
     </span>
    </p>

    <p class='ocr_par' dir='ltr' id='par_1_5' title="bbox 242 3296 2628 3451">
     <span class='ocr_line' id='line_1_36' title="bbox 2486 3296 2628 3340; baseline 0 0"><span class='ocrx_word' id='word_1_317' title='bbox 2486 3296 2628 3340; x_wconf 87' lang='lat' dir='ltr'>nio·</span> 
     </span>
     <span class='ocr_line' id='line_1_37' title="bbox 242 3376 2624 3451; baseline 0 -21"><span class='ocrx_word' id='word_1_318' title='bbox 242 3379 325 3451; x_wconf 64' lang='lat' dir='ltr'>(a)</span> <span class='ocrx_word' id='word_1_319' title='bbox 374 3379 494 3449; x_wconf 73' lang='lat' dir='ltr'>Quia</span> <span class='ocrx_word' id='word_1_320' title='bbox 512 3393 565 3431; x_wconf 76' lang='lat' dir='ltr'>ut</span> <span class='ocrx_word' id='word_1_321' title='bbox 588 3395 698 3430; x_wconf 75' lang='lat' dir='ltr'>mox</span> <span class='ocrx_word' id='word_1_322' title='bbox 728 3376 931 3429; x_wconf 66' lang='lat' dir='ltr'>dicemus</span> <span class='ocrx_word' id='word_1_323' title='bbox 958 3377 1006 3426; x_wconf 76' lang='lat' dir='ltr'>in</span> <span class='ocrx_word' id='word_1_324' title='bbox 1041 3379 1262 3430; x_wconf 70' lang='lat' dir='ltr'>societate</span> <span class='ocrx_word' id='word_1_325' title='bbox 1293 3378 1451 3443; x_wconf 66' lang='lat' dir='ltr'>:quali</span> <span class='ocrx_word' id='word_1_326' title='bbox 1474 3412 1488 3437; x_wconf 85' lang='lat'><em>,</em></span> <span class='ocrx_word' id='word_1_327' title='bbox 1535 3376 1606 3428; x_wconf 74' lang='lat' dir='ltr'>vel</span> <span class='ocrx_word' id='word_1_328' title='bbox 1642 3377 1848 3445; x_wconf 66' lang='lat' dir='ltr'>collegio</span> <span class='ocrx_word' id='word_1_329' title='bbox 1864 3410 1881 3438; x_wconf 88' lang='lat'><em>,</em></span> <span class='ocrx_word' id='word_1_330' title='bbox 1904 3379 2035 3445; x_wconf 74' lang='lat' dir='ltr'>quale</span> <span class='ocrx_word' id='word_1_331' title='bbox 2074 3380 2162 3432; x_wconf 72' lang='lat' dir='ltr'>effe</span> <span class='ocrx_word' id='word_1_332' title='bbox 2193 3378 2351 3432; x_wconf 75' lang='lat' dir='ltr'>dieunt</span> <span class='ocrx_word' id='word_1_333' title='bbox 2386 3380 2624 3431; x_wconf 69' lang='lat' dir='ltr'>Ecclesiam</span> 
     </span>
    </p>
   </div>
   <div class='ocr_carea' id='block_1_5' title="bbox 382 3446 2618 3582">
    <p class='ocr_par' dir='ltr' id='par_1_6' title="bbox 382 3446 2618 3582">
     <span class='ocr_line' id='line_1_38' title="bbox 382 3446 2618 3520; baseline -0.002 -19"><span class='ocrx_word' id='word_1_334' title='bbox 382 3449 507 3501; x_wconf 72' lang='lat' dir='ltr'>unu·</span> <span class='ocrx_word' id='word_1_335' title='bbox 529 3447 658 3497; x_wconf 67' lang='lat' dir='ltr'>datin</span> <span class='ocrx_word' id='word_1_336' title='bbox 681 3447 869 3510; x_wconf 68' lang='lat' dir='ltr'>potestne</span> <span class='ocrx_word' id='word_1_337' title='bbox 896 3446 1069 3498; x_wconf 54' lang='lat' dir='ltr'>&amp;endi</span> <span class='ocrx_word' id='word_1_338' title='bbox 1097 3447 1246 3513; x_wconf 69' lang='lat' dir='ltr'>legen,</span> <span class='ocrx_word' id='word_1_339' title='bbox 1287 3447 1359 3497; x_wconf 78' lang='lat' dir='ltr'>sed</span> <span class='ocrx_word' id='word_1_340' title='bbox 1386 3462 1510 3500; x_wconf 77' lang='lat' dir='ltr'>mm</span> <span class='ocrx_word' id='word_1_341' title='bbox 1534 3446 1725 3501; x_wconf 70' lang='lat' dir='ltr'>facum·</span> <span class='ocrx_word' id='word_1_342' title='bbox 1746 3448 1996 3520; x_wconf 72' lang='lat' dir='ltr'>dirigendi,</span> <span class='ocrx_word' id='word_1_343' title='bbox 2024 3449 2157 3504; x_wconf 70' lang='lat' dir='ltr'>auu:</span> <span class='ocrx_word' id='word_1_344' title='bbox 2180 3450 2303 3520; x_wconf 68' lang='lat' dir='ltr'>legen</span> <span class='ocrx_word' id='word_1_345' title='bbox 2331 3481 2349 3512; x_wconf 66' lang='lat'>2</span> <span class='ocrx_word' id='word_1_346' title='bbox 2381 3448 2454 3500; x_wconf 81' lang='lat' dir='ltr'>sed</span> <span class='ocrx_word' id='word_1_347' title='bbox 2484 3466 2618 3516; x_wconf 72' lang='lat' dir='ltr'>negu-</span> 
     </span>
     <span class='ocr_line' id='line_1_39' title="bbox 386 3511 1373 3582; baseline -0.001 -14"><span class='ocrx_word' id='word_1_348' title='bbox 386 3517 443 3568; x_wconf 71' lang='lat' dir='ltr'>1ae</span> <span class='ocrx_word' id='word_1_349' title='bbox 464 3546 483 3582; x_wconf 75' lang='lat'>‚</span> <span class='ocrx_word' id='word_1_350' title='bbox 509 3517 754 3579; x_wconf 62' lang='lat' dir='ltr'>Cannu,</span> <span class='ocrx_word' id='word_1_351' title='bbox 771 3516 841 3568; x_wconf 76' lang='lat' dir='ltr'>vel</span> <span class='ocrx_word' id='word_1_352' title='bbox 865 3515 924 3569; x_wconf 73' lang='lat' dir='ltr'>nd</span> <span class='ocrx_word' id='word_1_353' title='bbox 946 3511 1169 3567; x_wconf 68' lang='lat' dir='ltr'>summum</span> <span class='ocrx_word' id='word_1_354' title='bbox 1198 3515 1373 3569; x_wconf 72' lang='lat' dir='ltr'>stum.</span> 
     </span>
    </p>
   </div>
  </div>
 </body>
</html>
