2970 3918
686 199 803 274 De
845 196 1304 295 Praerogativis
1333 191 1600 287 Ecclesia
1634 137 2122 290 Salisburgenfin
2453 213 2490 261 2
2507 213 2536 265 1
2550 212 2596 281 9

205 366 329 423 ante
357 356 410 435 se
444 349 656 420 detulit,
703 347 779 424 ΕΞ
799 362 1022 433 cappam
1041 393 1060 418 ,
1099 346 1170 420 85
1199 344 1388 426 pileum
1417 342 1563 406 rubei
1587 341 1774 405 coloris
1789 343 2020 427 gestavit
2035 386 2053 412 ,
2086 336 2348 405 benedixit
2385 354 2445 401 ue
2495 341 2600 422 po‘-

200 439 332 519 pulo
348 480 368 514 ,
406 434 493 515 [ed
526 431 652 495 nibil
688 430 874 497 borum
908 426 1294 511 archiepiscopo
1319 446 1419 488 non
1453 426 1679 487 debitum
1719 437 1907 506 praeter
1928 425 2125 506 pileum
2146 468 2163 496 ,
2213 419 2285 495 ἓξ
2312 425 2329 484 i
2369 441 2455 482 um
2484 425 2601 499 for·

208 522 330 599 taffe
361 514 712 599 salzburgenfi
746 508 962 590 Ecclefia
971 510 1225 601 singulari
1247 508 1526 592 privilegio
1552 508 1735 568 meruit
1758 550 1775 576 ‚
1819 504 1883 567 de
1904 525 2007 590 quo
2038 506 2263 573 nondum
2297 507 2466 582 sumus
2502 522 2602 564 ex-

245 605 364 662 erti.
447 598 549 659 Ex
579 589 962 655 novioribus
988 601 1178 652 etiam
1203 588 1607 666 temporibus
1643 586 1924 663 constat>
1962 583 2143 671 quod
2176 585 2336 647 olim
2363 583 2603 648 Archi·-

265 676 510 760 piscopi
537 677 685 738 Neo
705 709 732 719 -
749 670 963 736 Elesti
980 711 1003 748 >
1039 670 1195 735 dum
1221 669 1423 748 prima
1449 670 1597 732 vice
1634 669 2008 733 solemniter
2035 666 2290 752 ingressi
2321 666 2464 729 sunt
2495 686 2605 731 ur-

204 763 393 838 bem,
432 755 659 824 Nacho
682 751 1079 846 insidentes,
1126 751 1187 816 &
1228 751 1451 843 habitu
1475 771 1548 814 ac
1582 751 1759 832 pileo
1786 770 2119 833 purpureo
2150 747 2399 816 induffi
2437 750 2602 814 sole*

203 859 422 907 mnem
451 839 638 902 suum
677 834 1017 920 mgreffum
1053 832 1461 899 instituerint.
1571 836 1671 898 Ex
1704 834 1998 915 pluribus
2039 832 2351 914 exemplis
2394 848 2603 900 unum

200 920 525 991 adduxiss'e
550 916 820 995 sufficiat
843 917 926 983 de
938 916 1339 1001 Wolfgango
1362 915 1795 982 Theoderico
1809 957 1831 997 2
1860 917 2046 999 cujus
2071 915 2600 983 solemnissimum

204 1004 467 1086 prorsus
486 1001 845 1088 ‚ingrefl'um
878 1000 1018 1070 fuse
1049 999 1350 1066 describit
1383 998 1707 1077 Hanfitius
1745 1020 1827 1063 ex
1858 1004 2172 1084 Mezgero
2200 1041 2225 1079 2
2268 998 2454 1080 cujus
2486 999 2602 1064 de-

201 1088 622 1168 scriptionem
650 1083 882 1154 iisdem
921 1082 1137 1146 verbis
1177 1081 1283 1144 hic
1314 1080 1637 1144 adducere
1668 1081 1855 1153 libuit
1888 1105 1902 1145 ε
1954 1084 2213 1163 Praibant
2259 1081 2602 1146 Mecbanico-

202 1191 319 1234 rum
343 1170 508 1233 tribus
523 1217 543 1242 ,
581 1167 653 1242 83
674 1170 948 1231 variarum
975 1170 1465 1246 confraternitatum
1489 1163 1687 1226 ordines
1713 1187 1729 1223 ε
1775 1162 1865 1227 bos
1889 1164 2179 1247 excipiebat
2207 1167 2419 1227 civ'ium'
2439 1166 2601 1227 turba

202 1272 320 1314 eum
359 1254 495 1336 equis
519 1251 782 1336 eleganter
803 1251 1055 1325 instrati53
1087 1246 1205 1345 <lein
1230 1246 1388 1344 longa
1403 1248 1554 1322 series
1575 1245 1881 1344 Nobilitatis
1905 1251 2146 1323 minoris,
2163 1256 2168 1261 “
2183 1249 2251 1322 Jti
2274 1260 2409 1344 ‘ante
2428 1246 2604 1330 pedis:-

192 1336 432 1478 ἑῖῳὶζῗή
443 1325 872 1493 immiti
879 1332 1336 1495 {azimitae
1346 1324 2601 1496 sagittati-‘1²53frizai-1224,:2322'32221

201 1493 525 1561 cathedralis
546 1494 617 1571 65
643 1494 820 1560 Abbas
846 1501 895 1555 S.
920 1495 1100 1567 Petri,
1135 1492 1323 1576 aliique
1348 1503 1458 1554 tum
1487 1489 1712 1554 Abbates
1739 1495 2154 1573 tum'Praepofiti.
2241 1500 2330 1555 Ex
2367 1491 2597 1555 Abbati-

200 1579 296 1642 bus
341 1583 591 1661 Seonenfis
615 1624 634 1651 ,
684 1578 1039 1656 Lunaelacenfis
1069 1621 1088 1647 ‚
1134 1570 1634 1653 Raitenhaslacenfis.
1746 1577 2008 1657 Praepofiti
2054 1571 2597 1659 Bercbtolsgadenfiss

199 1658 622 1743 Paumburgenlis
638 1706 657 1731 ‚
687 1664 922 1741 Auenfis,
946 1660 1222 1735 Garsensis‚
1250 1656 1324 1730 &¹
1344 1661 1401 1719 S.
1428 1657 1643 1719 Zenonis
1662 1678 1681 1714 .-
1723 1675 1945 1738 quorum
1969 1653 2201 1718 ordinem
2226 1657 2488 1740 capellani
2498 1674 2599 1741 pa-

198 1742 356 1813 latii,
396 1740 469 1816 Εᾷ
494 1741 695 1823 reliqua
729 1741 1067 1804 Praelatorum
1075 1739 1294 1814 familia
1325 1733 1617 1800 claudebat.
1661 1736 2010 1821 Sequebantur
2035 1736 2298 1817 infidentes
2328 1744 2468 1822 equis
2505 1751 2599 1803 tu·

200 1823 389 1892 bicines
409 1844 523 1887 cum
546 1821 745 1905 aheneis
768 1826 1071 1909 tympanin
1112 1835 1226 1883 tum
1255 1824 1429 1905 ingens
1456 1838 1692 1882 numerus
1711 1820 2011 1893 Comitum}
2052 1825 2410 1894 Baronorum,
2442 1825 2599 1902 Equi-

199 1916 316 1970 tum
342 1909 593 1985 majorum
617 1909 869 1990 gentium.
957 1906 1183 1984 Episcopi
1218 1904 1564 1975 Patavienfis‚
1612 1897 1944 1984 chiemenfis,
1979 1900 2347 1984 Secco'vienfis‘,
2373 1899 2594 1967 Lavc'm-

197 1993 343 2052 tinus
359 2033 378 2060 ‚
390 1991 504 2066 ficis
521 1985 807 2065 amiculis(
824 1982 1100 2047 Rocbettas
1121 1983 1378 2064 appellant
1392 1981 1621 2059 finduti
1637 2028 1654 2056 ,
1691 2003 1806 2044 cum
1828 1982 2105 2065 capellano
2138 1990 2443 2049 Honorario
2462 2034 2480 2059 ,
2509 1989 2598 2070 qui

201 2076 414 2132 Crucem
446 2067 749 2152 preferebat
781 2063 1300 2149 Arcbiepiscopalem:
1348 2065 1421 2138 &²
1439 2075 1550 2125 tum
1586 2063 1788 2127 demum
1823 2063 1988 2128 Arcbi
2003 2102 2026 2113 ·
2047 2067 2231 2140 Praesul
2249 2071 2346 2150 ipse
2373 2070 2594 2131 candido

189 2153 423 2234 [ublimis
461 2171 623 2234 equo,
655 2151 927 2232 purpureis
961 2146 1228 2209 ornatibus
1260 2146 1331 2220 Ες
1366 2144 1556 2207 Galero
1589 2148 1792 2231 infignis
1817 2171 1835 2206 .·
1867 2149 2008 2209 cives⁴
2028 2145 2328 2222 duodecim,
2374 2151 2594 2226 vestibus

197 2233 366 2294 induti
391 2231 575 2306 bifflnis
607 2230 1052 2310 caeruleiflavique
1087 2233 1267 2289 coloris
1293 2227 1556 2309 stipabant
1591 2227 1763 2301 latus,
1807 2232 2229 2307 pretorianorum
2274 2234 2327 2292 in
2377 2252 2594 2295 morem.

198 2321 343 2375 Pone
378 2307 750 2392 adequitabant
779 2315 949 2369 Duces
972 2314 1176 2369 Bavari
1203 2306 1517 2391 lVilbelmus
1554 2309 1625 2382 85
1656 2305 2000 2376 ferdinandus
2033 2332 2147 2374 cum
2177 2315 2394 2393 confesta
2421 2320 2594 2397 farni-

200 2393 411 2456 liariutn
443 2390 516 2464 &
552 2391 888 2467 ministrorum
922 2406 1096 2451 manu.
1154 2399 1318 2452 Latus
1344 2385 1719 2474 Archiepiscopi
1749 2389 2018 2473 stipabant
2055 2405 2281 2477 quatuor
2310 2401 2594 2474 officiorum

198 2472 640 2537 bereditariorum
681 2470 751 2533 ad
774 2472 985 2546 ministri
1004 2470 1346 2550 provinciales
1373 2471 1654 2551 Nusdorff,
1701 2468 1884 2534 Thurn
1910 2517 1927 2546 ,
1971 2471 2314 2555 Thonbausen
2334 2522 2353 2550 ,
2400 2486 2548 2542 Kuen
2569 2484 2615 2543 τ’

190 2564 443 2641 preterea
468 2552 712 2630 satellites
734 2552 927 2627 hastati
956 2572 1069 2612 cum
1098 2552 1315 2633 prebis
1340 2547 1466 2615 belle
1494 2557 1730 2635 comptis.

370 2636 732 2719 Agnovere
765 2633 910 2697 haee
946 2632 1238 2726 insignia,
1280 2632 1658 2698 nominatim
1693 2635 1981 2700 habitum
2015 2655 2414 2719 purpureum
2450 2645 2593 2713 Ro-

164 2717 368 2784 .mani
404 2715 799 2796 Pontifices³
838 2715 1191 2796 speciahter
1229 2718 1529 2779 Clemens
1575 2717 1740 2798 XL,
1797 2719 1946 2802 qui,
1990 2741 2192 2804 quum
2235 2726 2588 2793 Ecclesiam

193 2799 691 2867 Lisabonensem
724 2799 792 2862 in
821 2799 1313 2864 Patriarchalem
1352 2799 1682 2879 erexiffet‚
1731 2821 1982 2867 novum
2010 2805 2433 2872 Patriarcham
2469 2828 2588 2873 no-

192 2904 289 2948 vo
331 2881 571 2946 decore
604 2880 1051 2946 condecorare
1093 2886 1322 2947 volens
1361 2882 1617 2945 Habitum
1658 2900 1974 2967 purpureum
2010 2885 2226 2953 eidem
2274 2892 2588 2957 conceffit

193 2987 351 3032 eum
391 2965 508 3029 hac
543 2963 811 3029 notabili
852 2966 1170 3030 clausula:
1218 2966 1306 3031 Ad
1329 2966 1485 3040 instar
1525 2965 1837 3030 Venerabilis
1868 2971 2026 3031 etiam
2053 2975 2242 3050 fratris
2282 2977 2433 3053 nostri
2477 2999 2585 3038 mo·

195 3052 342 3113 derni
372 3046 741 3131 Arcbiepiscopi
767 3047 969 3110 Salisbu
1036 3053 1175 3142 enfis.
1264 3048 1448 3111 Bulla
1477 3047 1657 3124 haee,
1703 3068 1851 3132 quae
1877 3049 2137 3131 incipit:
2177 3060 2227 3116 in
2247 3061 2481 3136 supremo
2509 3067 2584 3122 A·

186 3132 475 3216 postolatus
496 3130 624 3277 [οέ
648 3176 669 3204 ,
716 3128 778 3195 &
813 3128 955 3194 data
1033 3146 1131 3196 uit
1171 3152 1268 3197 an.
1313 3129 1493 3210 1716.
1532 3132 1814 3196 refertur
1859 3133 1927 3197 in
1969 3133 2260 3215 ejusdem
2296 3142 2582 3205 Bullario

245 3233 274 3275 a
320 3262 335 3277 .
367 3230 447 3277 22
494 3260 510 3275 .
617 3232 676 3275 c,

195 3232 238 3295 p
279 3230 318 3297 g
366 3231 504 3359 Nsss
540 3294 730 3376 super
753 3294 850 3358 his
884 3293 1018 3359 duo
1052 3294 1612 3361 animadvertimus
1640 3335 1662 3373 2
1709 3315 1859 3381 quae
1893 3302 2385 3385 praerogativam
2422 3305 2584 3374 hanc

195 3380 264 3443 in
316 3377 839 3459 Archiepiscopis
885 3379 1459 3465 Salisburgenfibus
1501 3378 1734 3443 mirum
1775 3381 1839 3444 in
1879 3382 2151 3447 modurn
2196 3385 2532 3454 sublimant
2558 3435 2580 3471 ³

192 3480 428 3542 nempe
469 3459 647 3543 quod
691 3461 944 3524 Archi·
972 3463 1280 3526 Praesules
1324 3461 1809 3546 Salisburgenfis
1854 3464 2139 3531 habitum
2181 3488 2580 3552 purpureum

187 3543 317 3624 jam
356 3555 497 3607 ante
524 3542 888 3609 Cardinales
924 3544 1342 3629 gestaverint,
1380 3545 1441 3609 &
1470 3565 1672 3628 quum
1702 3545 1959 3631 insignia
1994 3549 2137 3616 haec
2172 3552 2292 3618 lint
2318 3558 2582 3637 propria

1374 3631 1468 3693 Ee
1515 3645 1551 3693 2
2404 3640 2502 3703 so„
