2970 3918
936 179 1052 255 De
1084 175 1467 295 fferarcbia
1495 173 1918 275 Ecclesiasticm
2479 186 2615 258 ¹05

235 347 337 410 ter
366 341 400 400 a
439 331 891 400 Sacerdotibus
916 333 1162 398 levitici
1188 334 1436 418 generis
1459 373 1483 412 a
1513 332 1672 398 item
1699 329 1777 395 ab
1811 321 2149 422 Apostolis
2166 363 2189 404 ,
2209 338 2294 388 eo
2323 322 2507 418 quod
2541 324 2620 389 il·-

234 417 282 483 li
306 419 556 499 summo
583 415 915 484 Sacerdoti
937 455 961 494 ³
999 416 1066 479 hi
1089 435 1252 480 vero
1292 416 1547 482 Christo
1573 409 2017 490 inservierint5
2047 418 2247 494 prout
2271 408 2471 493 aliqui
2494 428 2619 473 vo-

230 506 375 566 lunt
403 501 514 586 (a)
538 541 562 579 2
589 499 864 564 derivari
890 497 1116 561 debeat
1138 539 1160 577 2
1190 502 1497 563 nolumus
1527 497 1864 563 discutere.
2120 536 2122 538 ψ

402 587 503 647 Ex
527 582 622 646 his
647 581 727 644 de
754 580 879 643 anti
927 600 1020 642 uo
1048 580 1478 644 Cardinalium
1506 600 1783 644 numero
1810 575 2079 643 constat.
2159 575 2360 643 Erant
2383 591 2623 657 nempe

236 680 339 747 53.
373 663 738 747 cardinales
765 662 890 743 Epi
919 662 1071 742 copi
1099 677 1156 741 7.
1186 664 1561 747 Presbyteri
1583 675 1684 738 28.
1715 660 2007 728 Diaconi
2035 667 2134 734 18.
2164 676 2473 753 numerus
2499 657 2621 723 iste

226 751 399 827 circa
426 748 586 810 Saec.
612 763 709 809 12.
738 745 814 806 ab
840 744 1149 808 Honorio
1177 747 1260 809 ΙΙ.
1292 744 1498 810 minui
1520 746 1715 827 caepit
1740 786 1764 824 2
1811 744 1874 810 &
1902 741 1981 807 ad
2016 759 2366 813 numerum
2401 759 2615 806 incer-

131 906 134 908 *
199 842 371 892 stum
396 827 523 891 fuit
566 825 864 894 redastus
884 866 907 905 9
942 827 1030 890 ita
1061 838 1137 891 ut
1164 841 1461 924 tempore
1497 829 1753 892 Nicolai
1777 829 1895 892 111.
1929 844 2066 891 non
2091 823 2208 889 nisi
2234 824 2480 919 septem
2518 823 2633 914 es-'

222 911 367 978 sent*
396 908 783 977 CardinaIbS.
879 910 1033 974 Post
1065 921 1360 990 tempora
1390 911 1645 975 Nicolai
1669 914 1787 975 ΙΙΙ.
1823 909 1908 974 ita
1935 906 2159 973 austus
2187 906 2316 972 fuit
2347 910 2621 974 illorum

223 1013 584 1073 numerus)
651 1007 728 1056 ut
764 994 833 1056 in
865 993 1166 1057 Concilio
1203 993 1536 1057 Bafileenfi
1570 1007 1834 1058 cautum
1881 990 2080 1056 fuerit
2110 1032 2135 1069 ,
2181 1009 2265 1056 ne
2305 994 2476 1067 ultra
2510 1007 2619 1071 24.

227 1078 454 1142 effent.
561 1077 673 1141 Ab
726 1096 810 1140 eo
869 1087 1166 1157 tempore
1225 1075 1579 1139 Pontifices
1643 1095 1766 1156 pro
1826 1074 1942 1137 suo
2011 1073 2202 1138 libitu
2264 1072 2441 1138 hunc
2496 1093 2619 1138 nu·-

227 1179 480 1226 merum
508 1161 620 1223 vel
652 1170 969 1228 auxerunt
998 1199 1020 1238 2
1057 1161 1163 1222 vel
1190 1157 1653 1222 restrinxerunt
1677 1199 1700 1237 2
1740 1159 1956 1220 nullus
1981 1167 2195 1220 tamen
2237 1157 2618 1241 antiquum..

231 1258 335 1326 53.
363 1258 707 1306 numerum
737 1241 999 1306 exceffit
1021 1261 1232 1326 usque
1265 1240 1342 1306 ad
1380 1244 1678 1307 Leonem
1705 1241 1795 1306 X.
1823 1240 1937 1324 qui
1970 1239 2157 1303 fimul
2185 1236 2248 1304 δε
2287 1240 2483 1304 semel
2512 1257 2619 1324 31.

160 1335 166 1345 ‘
230 1325 597 1391 Cardinales
622 1323 858 1388 creass'e
887 1326 1129 1411 legitur
1153 1365 1177 1403 ³
1226 1325 1311 1388 ita
1333 1338 1408 1389 ut
1446 1325 1712 1389 illorum
1743 1331 2053 1387 numerus
2078 1320 2155 1386 ad
2180 1320 2284 1398 65.
2307 1342 2623 1390 excreve-

226 1410 334 1474 rit.
405 1410 793 1490 Exemplum
819 1409 1062 1474 Leonis
1099 1407 1303 1472 secuti
1331 1408 1476 1475 sunt
1501 1410 1738 1482 Paulus
1765 1409 1884 1473 111.
1914 1407 1976 1472 δι
2008 1407 2247 1470 Paulus
2284 1408 2411 1472 IV.
2450 1407 2512 1472 &
2536 1406 2618 1471 ad

233 1507 337 1571 70.
369 1509 580 1577 usque
612 1491 1000 1557 anteriorem
1027 1510 1374 1556 numerum
1397 1504 1734 1557 auxerunt.
1819 1488 2119 1554 Tandem
2147 1487 2361 1552 Sixtus
2385 1491 2476 1556 V.
2510 1488 2638 1567 de<

229 1574 443 1640 crevit
469 1616 492 1654 ,
523 1585 600 1637 ut
631 1575 738 1637 hic
767 1594 1076 1639 numerus
1114 1574 1190 1638 ad
1224 1578 1590 1656 exemplum
1617 1576 1864 1660 Synago
1902 1591 1968 1636 ae
1993 1612 2017 1650 9
2054 1572 2116 1636 &
2154 1571 2621 1653 discipulorum

228 1657 467 1723 Christi
501 1655 678 1721 foret
705 1658 999 1722 constans
1029 1658 1090 1723 &
1115 1669 1489 1738 perpetuus,
1507 1657 1633 1741 (b)
1738 1660 1850 1721 Ho
1901 1657 1960 1721 ie
1987 1656 2178 1721 Colle
2222 1656 2358 1721 ium
2401 1655 2623 1721 Cardi-

231 1743 473 1806 nalium
505 1739 922 1806 constituitur
952 1761 1032 1805 ex
1053 1740 1389 1822 Episcopis
1425 1741 1486 1805 6.
1531 1738 1930 1825 Presbyteris
1967 1748 2068 1816 50.
2096 1738 2159 1804 &
2259 1738 2501 1803 iaconis
2522 1759 2624 1818 14.

227 1823 540 1891 Ecclefiae
561 1823 971 1889 Cathedrales
986 1862 1009 1902 ³
1027 1824 1259 1908 quibus
1276 1824 1335 1888 6.
1351 1823 1657 1907 Episcopi
1686 1821 2135 1904 praeficiuntur
2146 1862 2169 1899 ³
2187 1821 2334 1886 sunt
2348 1823 2624 1905 sequen-

228 1921 330 1971 tes
359 1948 383 1986 ,
430 1905 736 1975 Ostiensis
767 1906 831 1971 &
863 1907 1207 1970 Velite1·na
1244 1906 1530 1970 invicem
1559 1907 1801 1983 unitae3
1833 1903 2203 1970 Portuenfis
2228 1945 2252 1983 2
2294 1905 2355 1970 &
2389 1906 2451 1969 S.
2478 1908 2621 1972 Ru-

229 1991 386 2054 finae
411 1987 699 2053 fimiliter
732 1987 935 2052 unitae
960 2028 984 2066 2
1017 1988 1398 2052 Albanensss
1421 2030 1444 2066 a
1481 1989 1830 2055 Sabinenfis
1858 2030 1880 2067 ³
1907 1987 2314 2068 Tusculana,
2357 1989 2622 2054 Praene-

233 2073 412 2137 stina.
490 2068 852 2135 Cardinales
887 2071 1259 2156 Presbyteri
1291 2073 1351 2138 &
1378 2064 1664 2138 Diaconi
1696 2071 1922 2167 singuli
1946 2071 2183 2135 habent
2205 2082 2457 2136 certum
2490 2078 2621 2139 titu-

226 2158 337 2219 lum
357 2202 374 2226 ,
411 2152 526 2238 qui
563 2153 656 2218 est
680 2174 875 2235 parva
901 2154 1224 2219 Dioecefis
1257 2156 1318 2222 δε
1343 2155 1633 2222 Ecclesia
1652 2196 1677 2235 9
1709 2175 1820 2219 cul
1849 2153 2199 2219 Cardinalis
2231 2153 2619 2236 praeficitur,

234 2238 298 2303 &
325 2235 407 2302 de
437 2254 574 2320 quo
613 2235 679 2300 se
711 2238 902 2302 etiam
943 2237 1229 2303 scribunt
1268 2260 1326 2303 e.
1353 2258 1412 2321 g.
1453 2237 1532 2303 ad
1561 2241 1624 2303 S.
1655 2238 2011 2303 Praxedem
2045 2277 2070 2316 2
2116 2235 2194 2301 ad
2233 2239 2297 2303 S.
2336 2237 2624 2312 Lauren-

225 2322 395 2393 tium
425 2318 493 2382 in
529 2318 811 2383 Damaso
852 2319 975 2384 &a
1008 2331 1321 2385 caeterum
1366 2319 1733 2386 Cardinales
1768 2333 1897 2385 tam
1924 2320 2340 2404 Presbyteri,
2386 2341 2624 2405 quam..
2680 2342 2682 2349 ’

223 2399 514 2467 Diaconi
537 2399 604 2464 in
623 2400 731 2465 sua
761 2401 946 2467 claffe
973 2415 1350 2482 permanent
1373 2442 1398 2483 9
1426 2401 1666 2467 etiamsi
1699 2404 2122 2488 Presbyteros
2154 2401 2233 2466 ad
2278 2404 2625 2486 Episcopa-

230 2498 417 2565 tum„
468 2483 811 2549 Diaconos
851 2483 931 2548 ad
974 2486 1459 2581 Presbyteratus
1499 2484 1794 2550 ordinem
1835 2485 2220 2566 promoveri
2265 2488 2622 2573 contingat.

227 2566 434 2653 Quod
458 2566 506 2630 s1
534 2566 744 2651 aliqua
769 2587 850 2633 ex
896 2567 1083 2649 supra
1122 2568 1306 2636 distis
1335 2570 1440 2633 sex
1474 2568 1780 2634 Ecclefiis
1828 2568 2315 2642 Cathedralibus
2347 2590 2622 2637 vacave-

227 2656 315 2716 rit
343 2691 368 2730 ,
392 2663 552 2716 tunc
574 2650 788 2732 primo
815 2691 838 2730 ³
868 2650 1158 2716 secundo
1187 2691 1211 2732 ³
1260 2650 1322 2717 δι
1348 2652 1545 2718 tertio
1569 2650 1894 2737 antiquior
1916 2652 2302 2739 Presbyter,
2345 2654 2623 2736 praesens

226 2745 483 2812 tamen,
514 2745 736 2819 quarta
766 2745 984 2800 autem
1013 2734 1164 2800 vice
1188 2734 1371 2817 prior
1396 2736 1734 2801 Diaconus
1764 2735 1841 2799 ad
1870 2755 2009 2801 eam
2044 2750 2500 2819 promovetur.

397 2816 510 2880 De
532 2817 1014 2898 praeeminentia
1044 2819 1107 2884 δι
1140 2818 1530 2883 authoritate
1562 2818 1993 2886 Cardinalium
2031 2817 2366 2897 videamus
2406 2846 2422 2886 ε
2466 2842 2621 2909 qua·

227 2898 309 2964 lis
342 2896 543 2963 fuerit
580 2901 1063 2981 praeeminentia
1102 2902 1280 2967 Cleri
1313 2903 1635 2983 Romani,
1681 2915 1828 2967 ante
1876 2921 2024 2968 uam
2051 2905 2118 2967 in
2142 2924 2348 2970 unum
2377 2926 2618 2990 corpus

227 3001 381 3048 cum
418 2980 752 3064 Episcopis
793 2985 1076 3057 coaluit,
1120 2985 1307 3067 supra
1346 2984 1642 3052 diximus,
1751 2988 1842 3052 Pe
1891 2985 2174 3053 edentim
2206 2988 2449 3055 fattum
2483 2992 2614 3072 est,

227 3078 303 3129 ut
330 3062 407 3126 ad
427 3062 589 3128 illud
620 3064 936 3151 dignitatis
963 3067 1099 3132 fasti
1144 3070 1280 3134 ium
1307 3068 1758 3149 ascenderent,
1831 3091 1923 3135 uo
1946 3070 2146 3136 hodie
2175 3072 2358 3153 supra
2375 3076 2617 3140 Archi-

227 3146 589 3244 Episcopos
613 3149 696 3244 ·&·
717 3149 1074 3246 Episcopos
1104 3087 1248 3216 {unt
1282 3153 1611 3218 collocati.
1737 3092 1850 3219 Aci)
1883 3153 2072 3219 initio
2110 3175 2192 3221 ne
2227 3155 2492 3241 quidem
2518 3161 2614 3226 illi

222 3231 469 3312 septem
498 3249 852 3296 v1e1n1ores
874 3233 1178 3317 Episcopi
1208 3235 1517 3314 Pontifici
1546 3235 1714 3301 sacra
1738 3238 2030 3320 operanti
2052 3236 2392 3305 affistentes
2415 3245 2614 3309 ullam

224 3314 411 3394 supra
431 3325 708 3379 caeteros
734 3315 1088 3398 Episcopos
1118 3317 1734 3400 Archi-Episcopos
1752 3362 1775 3400 2
1805 3317 1866 3386 δι
1885 3320 2271 3389 Patriarchas
2298 3323 2614 3393 habebant

224 3395 727 3482 praecedentiam
755 3398 832 3463 ad
858 3410 1149 3483 tempora
1175 3421 1384 3491 usque
1419 3404 1726 3491 Gregorii
1752 3406 1908 3475 VII.
1927 3445 1951 3491 2
1983 3403 2094 3475 sed
2121 3406 2252 3476 sola
2289 3427 2614 3494 praeroga-

1349 3486 1414 3550 Ο
2479 3496 2613 3562 tiva

231 3574 280 3635 (a
343 3567 391 3615 Ρ.
417 3565 529 3631 Engl
558 3562 614 3612 ad
643 3564 730 3613 Tit.
758 3565 815 3615 de
846 3571 914 3616 M.
940 3571 984 3619 dt
1011 3573 1078 3624 Ο.

234 3632 291 3700 (b
345 3633 534 3687 constit.
552 3650 633 3699 5⁰·
652 3631 780 3696 huju·
806 3635 978 3687 Pontif-
