2970 3918
366 213 466 300 4⁹0
1020 191 1216 286 Caput
1246 188 1301 262 Ι.
1349 193 1417 275 ,9.
1453 186 1666 259 XVI.
1705 184 1798 267 ΕΤ
1825 184 1992 260 XV
1984 188 2074 261 ll.

367 346 658 426 tiuntur,
700 363 783 408 ex
822 346 1016 407 altera
1052 352 1229 420 parte
1261 335 1643 419 impossibile
1677 335 1754 400 fit
1789 339 2107 419 populum
2135 337 2428 422 quotidie
2459 341 2536 407 ad
2563 343 2736 407 Con·

372 430 640 493 cionem
679 443 957 500 vocare,
1001 421 1410 484 neceffarium
1457 419 1725 483 omnino
1763 419 1892 498 est„
1933 431 2009 484 ut
2043 420 2249 484 causae
2289 424 2583 504 quotidie
2625 430 2739 488 σε’-3

368 520 701 576 currentes
730 505 995 570 minoris
1021 501 1338 567 momenti
1367 521 1486 581 per
1518 504 1819 565 Senatum
1857 503 1918 567 &
1947 503 2375 586 Magistratum
2402 505 2740 585 expedian-

371 607 482 657 tur
506 590 658 673 (ε).
757 584 992 670 Quoad
1015 603 1357 648 numerum
1379 581 1825 668 suffiagiorum
1849 583 1915 647 id
1930 584 2325 668 singulariter
2345 586 2742 654 animadver-

367 674 638 739 tendum
665 668 792 747 est,
839 667 1020 751 quod
1043 663 1603 750 civiumsuffragia
1627 667 1755 729 sine
1787 666 2145 731 discrimine
2176 669 2591 747 personarum
2613 669 2741 733 fre-

367 755 667 841 quentius
701 751 945 815 fuerint
977 762 1306 812 numerata
1329 747 1511 833 Cb),
1569 749 1851 812 habuere
1880 763 2091 814 tamen
2135 752 2417 833 Romani
2453 754 2742 816 occultas

362 849 565 913 artes)
609 834 841 918 quibus
869 832 1274 909 efficiebant,
1326 841 1403 894 ut
1435 831 1772 914 aliquoties
1799 832 1998 895 vilior
2023 851 2163 913 pars
2195 851 2276 894 ne
2306 833 2569 914 quidem
2597 834 2740 897 fue-

362 919 448 984 rit
484 918 908 999 interrogata,
949 914 1290 998 aliquoties
1319 932 1457 991 pars
1483 915 1698 976 minor
1716 914 1945 994 populi
1982 915 2222 994 majora
2255 914 2544 998 suffragia
2568 915 2740 979 face⁴

361 1013 467 1066 ret
499 999 657 1082 (c).
785 1002 1019 1081 Neque
1054 997 1196 1080 quis
1232 995 1346 1059 fibi
1387 994 1542 1059 falso
1579 995 2002 1088 imaginetur,
2045 997 2112 1058 in
2153 999 2334 1061 Statu
2373 1003 2741 1068 Democratico

363 1087 627 1149 exulare
655 1080 1002 1147 Civitatem
1025 1080 1355 1160 praecipue
1384 1078 1451 1140 in
1475 1077 2002 1141 subordinatione
2031 1076 2482 1158 imperantium
2501 1079 2563 1143 δε
2583 1077 2743 1141 obe·

367 1166 685 1230 dientium
722 1163 1090 1240 fundatam,
1135 1180 1338 1245 quum
1368 1178 1563 1222 nemo
1603 1159 1848 1224 civium
1879 1161 1955 1223 sit
1983 1160 2311 1240 superior,
2347 1179 2544 1224 nemo
2578 1160 2742 1226 infe-

361 1248 540 1326 rior,
586 1247 649 1312 δι
684 1262 905 1310 omnes
934 1244 1056 1306 fint
1080 1246 1402 1327 aequaleS‚
1446 1243 1508 1307 &
1546 1243 1902 1325 aequalibus
1941 1242 2236 1307 fruantur
2261 1242 2512 1323 juribus
2542 1265 2558 1306 z
2602 1263 2741 1309 non

364 1330 541 1394 enim
572 1329 748 1393 cives
772 1327 839 1391 in
866 1326 1272 1407 particulari,
1315 1323 1423 1388 sed
1448 1335 1624 1387 totus
1649 1327 1931 1403 populus
1967 1324 2162 1388 fasces
2194 1325 2447 1405 imperii
2473 1324 2740 1390 admini-

360 1413 513 1477 strat
541 1433 557 1475 ε
603 1430 828 1474 omnes
858 1411 919 1474 &
945 1407 1172 1493 singuli
1210 1407 1535 1485 subjacent
1572 1407 1816 1489 legibus
1849 1413 1883 1468 a
1912 1417 2058 1470 toto
2096 1413 2348 1488 populo
2375 1407 2554 1486 latis,
2598 1428 2740 1489 pars

359 1497 579 1564 minor
599 1492 836 1558 cedere
870 1490 1066 1554 debet
1093 1489 1355 1569 majori7
1403 1488 1465 1552 &
1492 1488 1662 1550 illius
1689 1485 2016 1570 suffragiis,
2104 1490 2384 1553 Modum
2407 1491 2741 1574 acquiren-

360 1578 429 1641 di
456 1576 810 1657 Imperium
834 1584 1015 1654 putat
1041 1570 1503 1638 Pufendorfius
1520 1610 1543 1647 2
1589 1572 1712 1633 effe
1736 1569 2004 1632 unicum
2036 1570 2096 1635 &
2124 1571 2558 1650 uniformem,
2602 1572 2741 1637 five

359 1660 516 1724 dein
545 1661 828 1739 populus
859 1673 1013 1717 mox
1045 1655 1118 1717 ab
1143 1653 1331 1716 initio
1359 1651 1712 1730 Imperium
1745 1652 2280 1718 Democraticum
2307 1653 2741 1735 constituerit,

358 1743 498 1806 five
543 1741 718 1821 lapsu
758 1736 1070 1815 temporis
1118 1734 1389 1814 expulfis
1433 1733 1723 1817 Regibus
1746 1773 1771 1812 2
1829 1733 1891 1798 &
1921 1734 2352 1814 Optimatibus
2394 1735 2743 1817 imperium

355 1844 478 1906 per
498 1822 844 1886 seditiones
882 1816 998 1882 fibi
1027 1817 1497 1881 vindicavent:
1541 1835 1870 1899 nunquam
1906 1816 2078 1881 enim
2104 1814 2536 1899 dicipoterit2
2599 1817 2742 1885 uod

354 1907 641 1988 populus
673 1904 741 1969 in
774 1900 1074 1980 seipsum
1115 1899 1381 1983 aliquod
1417 1897 1772 1977 Imperium
1810 1916 1928 1976 per
1967 1898 2348 1964 violentiam
2386 1903 2571 1985 acqui
2599 1922 2781 1967 ive--

359 1990 483 2068 rit,
527 2005 728 2072 quum
768 1984 835 2047 in
864 1984 992 2046 hoc
1019 1984 1200 2046 Statu
1234 1999 1460 2046 omnes
1486 1979 1606 2042 fint
1635 1978 2102 2058 &imperantes
2123 2020 2146 2057 2
2192 1983 2254 2047 &
2291 1985 2740 2064 obtemperan-

352 2084 478 2136 tes.
563 2069 1019 2137 Emolumenta
1033 2103 1059 2148 2
1073 2065 1132 2130 δι
1149 2061 1559 2138 'Detrimenta
1577 2061 1815 2132 iterum
1835 2060 1970 2132 vid.
1989 2062 2057 2130 in
2081 2062 2190 2131 cit.
2206 2064 2470 2150 Magnis.
2492 2067 2658 2137 Sest.
2677 2084 2739 2151 3.

360 2153 418 2234 §-
439 2172 497 2222 2.
525 2151 586 2218 ει
611 2167 671 2234 3.

1353 2294 1431 2401 §.
1505 2287 1755 2383 XVII.

473 2418 733 2504 Andem
777 2417 1134 2488 delabimur
1171 2416 1250 2487 ad
1297 2426 1549 2488 Civitates
1583 2421 1912 2509 Irregulares.
1968 2420 2286 2490 memoria
2326 2428 2738 2514 recolantur,

516 2524 664 2589 quae
690 2505 875 2586 supra
903 2506 1213 2588 diximus,
1257 2499 1570 2572 videlicet
1612 2499 1745 2569 dari
1771 2505 2122 2571 Societates
2155 2520 2269 2571 Im
2305 2510 2470 2576 alares
2514 2528 2595 2575 ex
2628 2515 2744 2579 tri-

359 2587 516 2673 plici
547 2585 813 2654 defestu
839 2591 987 2666 finis,
1035 2608 1229 2662 nexus,
1270 2588 1331 2653 82
1360 2593 1563 2669 sormae.
1648 2591 1751 2653 Ex
1784 2586 2050 2654 defestu
2081 2591 2201 2665 finis
2268 2601 2387 2652 unt
2427 2599 2534 2658 Irre
2574 2596 2745 2662 ulam

362 2674 496 2737 illae
511 2689 547 2752 5
572 2687 730 2755 quae
751 2679 992 2750 praeter
1020 2666 1428 2735 securitatem
1455 2670 1516 2734 &
1554 2668 1928 2734 felicitatem
1954 2669 2279 2751 publicam
2306 2671 2501 2738 alium
2553 2676 2642 2741 1bi
2665 2677 2745 2743 fi·-

359 2771 511 2819 nem
552 2746 897 2846 praefixum
938 2750 1211 2830 habent,
1256 2750 1564 2835 quorsum
1600 2750 1926 2831 pertinent
1975 2770 2144 2815 ωηο
2186 2752 2494 2820 Civitates
2525 2760 2747 2836 beriles,

363 2837 435 2903 in
460 2836 694 2922 qu1bus
718 2836 1108 2914 Imperantes
1132 2829 1238 2898 sua
1260 2830 1696 2914 principaliter
1719 2830 2063 2897 intendunt
2088 2836 2470 2918 commoda,
2513 2844 2746 2922 populi
2832 2880 2836 2883 Δ
2942 2866 2944 2871 “

364 2937 531 2983 vero
556 2916 900 2981 utilitatem
929 2930 1065 2978 non
1098 2914 1213 2979 nifi
1241 2934 1358 2996 per
1379 2913 1672 2980 accidens
1702 2923 1964 2992 curant,
2010 2914 2179 2980 haud
2207 2918 2387 2983 secus
2413 2941 2603 3005 quam
2627 2927 2746 2988 Pa-

366 2995 734 3094 terfamilias
764 2999 830 3062 in
862 2996 1026 3092 statu
1047 2994 1343 3093 familiae?
1388 2996 1501 3081 qui
1533 2997 1877 3090 utilitatem
1902 2996 2078 3091 servi
2112 3015 2196 3094 ei}
2228 3001 2543 3068 accidenti
2566 3024 2746 3099 quae-

365 3094 474 3153 rit.
556 3082 753 3145 Tales
777 3083 1131 3146 Societates
1153 3072 1298 3144 sunt
1319 3083 1488 3161 illae,
1532 3099 1600 3140 1n
1632 3078 1864 3162 quibus
1895 3078 2129 3144 subd1t1
2171 3085 2359 3147 instar
2388 3089 2742 3168 mancipio-

366 3182 515 3229 rum
539 3164 766 3228 Glebae
793 3161 1201 3229 addistorum
1225 3161 1322 3243 se,
1367 3162 1602 3246 suaque
1622 3154 1774 3224 obse
1820 3160 1924 3225 uia
1957 3161 2019 3227 &
2045 3163 2297 3229 servitia
2320 3165 2526 3232 ferme
2546 3171 2742 3237 unice

365 3247 437 3313 in
465 3241 886 3312 commodum
918 3245 1294 3329 Imperantis
1328 3242 1699 3331 impendere
1724 3243 1805 3308 de
1853 3253 1981 3309 ent.
2092 3244 2306 3329 Hujus
2337 3252 2586 3335 generis
2617 3255 2745 3321 effe

370 3340 376 3345 '
1067 3420 1071 3421 γ
1754 3375 1759 3381 ,
2173 3374 2175 3376 .
2599 3340 2739 3417 ple.

368 3414 474 3488 ’(ι)
516 3416 702 3463 Senatus
725 3409 901 3462 decreta
923 3414 968 3462 ee
998 3410 1178 3476 populi,
1204 3414 1250 3463 ἅτ
1279 3427 1362 3474 ea,
1398 3427 1493 3478 qua
1523 3408 1666 3461 ferme
1688 3407 1885 3474 quotidie
1914 3409 2244 3470 occumbant,
2278 3415 2561 3481 expediebat.
2623 3425 2734 3473 Μι-

506 3479 704 3547 gistratus
717 3492 810 3527 etat
829 3479 942 3542 quafi
961 3479 1311 3533 administrator,
1345 3483 1418 3544 qui
1438 3479 1635 3544 quotidie
1663 3479 1991 3525 occurrentium
2018 3494 2169 3544 curam
2198 3483 2395 3544 gerebat.

363 3549 394 3614 ζ
406 3546 474 3611 b)
511 3552 563 3595 Et
581 3549 756 3605 quidem
780 3547 886 3594 teste
907 3549 1088 3594 Hubero
1113 3545 1229 3609 apud
1247 3549 1477 3596 Romanos
1493 3547 1540 3595 in
1556 3544 1751 3604 subsilit,
1774 3540 1892 3614 apud
1921 3545 2208 3605 Athenienses
2225 3549 2274 3602 in
2292 3550 2502 3605 ostrado.

360 3617 457 3685 (c)
493 3619 564 3666 De
580 3612 738 3681 quibus
750 3609 835 3665 vid.
857 3614 931 3664 cit.
952 3612 1153 3666 Habesos
1177 3615 1270 3663 loc.
1283 3614 1361 3665 cit.
1374 3622 1436 3669 N.
1460 3615 1600 3677 μηδι
1618 3628 1706 3677 53·
2490 3616 2492 3618 ’
