2970 3918
946 163 1063 242 De
1092 157 1484 241 Heraicbia
1513 152 1939 257 Ecclefiasticti}
2493 174 2527 231 -1
2547 172 2635 246 19

254 315 560 385 Thraciae
573 355 599 397 ,
626 314 806 382 Asiae
846 314 910 384 δι
943 318 1141 384 Ponti
1170 317 1640 399 subjicerentur
1709 313 1802 403 b)
1822 354 1848 395 ,
1893 305 2215 407 quidquid
2255 323 2337 375 ex
2365 307 2512 391 post
2545 307 2639 403 fa3

254 400 370 467 eto
413 401 637 486 Legati
671 400 1000 466 Pontificii
1036 399 1622 485 contradixerunt(
1633 419 1672 463 c
1728 447 1745 466 .
1848 399 1970 462 His
2005 392 2301 461 nondum
2338 402 2641 485 contenti

252 484 641 552 Patriarchae
673 482 1159 565 Constantinop.
1186 503 1410 550 omnes
1447 502 1703 577 aggeres
1732 489 2204 564 perruperunt,
2242 476 2388 561 jura
2415 477 2644 569 Ponu-

254 566 400 635 ficis
428 565 832 644 invaserunt,
869 584 1086 649 neque
1108 565 1446 630 ambitioni
1469 570 1653 630 litare
1678 563 2041 642 desierunt,
2069 579 2280 648 usque
2305 559 2466 625 dum
2493 560 2646 623 illo-

255 671 404 715 rum
441 648 704 714 ambitio
750 649 818 711 in
841 647 1215 714 lufituosum
1251 648 1319 711 in
1353 649 1515 714 hanc
1547 667 1758 734 usque
1787 646 1959 711 diem
1987 645 2342 729 perdurans
2376 640 2646 709 schisma

251 743 642 813 erumperet.
726 731 1053 795 Nolumus
1070 729 1180 794 hic
1199 731 1419 794 multis
1440 749 1817 826 exaggerare
1835 730 2163 814 ingentem
2180 728 2355 794 illam
2372 739 2648 793 contro-

254 814 525 880 versiam
550 811 633 877 de
652 812 917 877 nornine
936 810 1254 876 Patriarcha
1269 819 1585 878 AEcumenici
1603 824 1772 879 inter
1786 816 2064 898 Gregor.
2084 815 2180 878 M.
2196 853 2222 892 ,
2251 812 2312 878 &
2331 811 2515 899 Joan.
2545 808 2652 898 Je-

243 897 617 979 junatorem
644 895 958 981 agitatam,
977 911 1249 978 eamque
1268 895 1560 975 pluribus
1586 894 1926 962 discutere.
2009 895 2383 963 Paucissima
2408 893 2490 959 de
2522 896 2652 960 Ec⁴

254 979 444 1047 clesia
462 978 1031 1067 Jerosolymitana,
1072 995 1221 1061 quae
1249 977 1486 1058 pariter
1515 978 1583 1042 in
1606 979 1820 1043 sedern
1847 979 2342 1044 Patriarchalem
2363 977 2488 1043 fuit
2516 978 2651 1042 ele·-

252 1078 434 1142 vata,
477 1061 713 1128 addere
749 1063 955 1129 liceat.
1042 1062 1267 1152 Nemo·
1291 1079 1428 1123 non
1463 1061 1617 1140 scit,
1660 1063 2014 1126 Ecclesiam
2043 1061 2646 1151 jerosolymitanam

251 1147 695 1215 EffeMatrem
728 1143 1065 1229 Christiani
1090 1143 1369 1207 nominis
1387 1183 1410 1223 ,
1456 1156 1854 1228 caeterasque
1883 1145 2198 1212 Ecclefias
2230 1164 2458 1210 omnes
2489 1144 2651 1210 anti:-

254 1230 499 1316 quitate
524 1230 903 1310 praecellere
924 1269 948 1306 ,
993 1225 1368 1310 ibidemque
1397 1227 1727 1310 praecipua
1766 1226 1921 1291 fidei
1955 1227 2257 1312 Mysteria
2288 1227 2474 1294 fuiss'e
2503 1246 2651 1308 per-

252 1315 427 1392 aeta,
466 1310 709 1396 primos
741 1310 1130 1376 Christianos
1164 1311 1538 1375 convenifl'e
1560 1351 1586 1390 ,
1652 1310 1946 1375 Concilia
1975 1311 2294 1375 celebrata
2332 1351 2356 1391 ,
2406 1312 2469 1378 &
2515 1314 2646 1377 Ec·

252 1397 508 1478 cleliam
535 1414 774 1459 novam
791 1394 899 1460 sua
925 1391 1231 1475 accepisse
1252 1392 1662 1460 incunabula.
1747 1390 2008 1461 Excidit
2035 1393 2178 1459 haec
2201 1395 2488 1461 Ecclesia
2507 1415 2650 1462 om*

250 1481 437 1546 nibus
461 1478 585 1543 suis
614 1476 1094 1562 praerogativis,
1114 1474 1467 1561 privilegiis
1497 1477 1558 1544 &
1577 1476 1869 1559 juribuS,
1900 1476 2240 1563 postquam
2271 1484 2306 1543 a
2329 1478 2648 1543 Romanis

250 1564 381 1629 fuit
415 1561 654 1628 eversa.
735 1559 1074 1627 Exstruc‘ta
1101 1556 1357 1641 postea,
1405 1561 1466 1626 &
1497 1561 1574 1624 ab
1605 1561 1777 1626 AElio
1799 1559 2096 1625 Adriano
2126 1561 2294 1626 AElia
2319 1558 2488 1628 dieta
2511 1580 2650 1626 non

250 1646 479 1715 eadem
506 1645 659 1709 urbs
691 1664 843 1711 cum
875 1643 1277 1791 {erosolyma
1306 1643 1602 1732 antiqua,
1641 1662 1763 1711 nec
1789 1643 1964 1709 idem
1984 1645 2406 1728 Episcopatus
2434 1643 2650 1711 videri

247 1741 546 1816 poterat,
590 1747 805 1814 neque
828 1748 876 1792 u
903 1730 1000 1792 lus
1029 1726 1089 1791 ei
1119 1729 1338 1791 honor
1372 1727 1701 1813 singularis
1736 1726 2093 1793 habebatur
2120 1729 2187 1793 in
2212 1729 2540 1808 Ecclesia,
2586 1729 2650 1795 δε

249 1825 386 1881 erat
421 1812 691 1894 simplex
722 1809 1109 1895 suffraganea
1144 1812 1603 1890 Metropolitae
1643 1809 2076 1877 CaesareenfiS.
2192 1813 2405 1877 Porro
2433 1826 2651 1878 autem

247 1898 366 1964 ubi
387 1896 838 1962 Constantinus
851 1898 947 1959 M.
969 1892 1582 1986 magnificentissima
1603 1893 1846 1958 ibidem
1862 1891 2171 1960 exstruxit
2186 1898 2426 1976 templa
2441 1936 2464 1975 ,
2493 1915 2650 1980 qua-

250 1981 301 2046 si
331 1984 369 2046 e
393 1979 517 2046 suis
538 1978 862 2044 cineribus
886 1974 1182 2040 rediviva
1198 1974 1443 2057 prodiit
1458 1974 1866 2062 Jerosolyma
1881 2017 1905 2055 ,
1924 1976 2186 2064 jamque
2213 1977 2515 2063 Synodus
2534 1978 2649 2043 Ni·

246 2085 437 2132 coena
449 2065 610 2128 Saec.
625 2080 686 2139 4.
706 2059 1034 2143 Episcopo
1053 2057 1371 2147 Jerosoly.
1389 2060 1707 2124 consess'us
1725 2061 1786 2127 &
1802 2059 2073 2128 honoris
2094 2060 2306 2126 sedem
2329 2062 2644 2139 attribuit,

243 2144 674 2213 Postmodum
728 2143 1088 2225 Episcopos
1117 2141 1394 2238 Jerosol.
1440 2142 1691 2208 incessit
1706 2141 1952 2225 cupido
1979 2144 2355 2213 obtinendae
2379 2145 2649 2233 dignita-

251 2233 333 2297 tis
352 2226 793 2296 Patriarchalis
807 2267 833 2306 ,
874 2227 935 2292 &
952 2226 1249 2307 prim1tus
1271 2246 1389 2308 per
1414 2226 1759 2291 cuniculos
1790 2239 2062 2313 egerunt
2079 2269 2101 2308 ,
2148 2228 2364 2295 donec
2389 2229 2456 2293 in
2473 2231 2650 2296 Con·

247 2314 359 2380 cil.
396 2308 884 2390 Constantinop.
926 2307 1321 2388 compositio
1357 2308 1558 2376 suerit
1594 2308 1759 2375 faeta
1795 2309 1966 2374 inter
1999 2311 2540 2393 Antiochenum,
2587 2314 2650 2379 &

247 2390 916 2477 Hierosolymitanum
947 2389 1383 2471 Episcopum,
1408 2391 1470 2456 &
1497 2391 1925 2459 Antiocheno
1954 2392 2102 2459 duae
2124 2395 2454 2460 Pheniciae
2494 2415 2652 2462 cum

250 2475 491 2545 Arabia
523 2473 878 2552 restitutae,
916 2472 1513 2570 Hierosolymitano
1552 2486 1682 2540 tres
1725 2474 2021 2542 cefferint
2060 2472 2414 2544 Palestinae.
2529 2480 2651 2545 Su·

247 2558 495 2645 perest,
537 2569 613 2622 ut
632 2556 715 2621 de
742 2556 994 2622 Officiis
1025 2556 1362 2643 &Juribus
1389 2558 1898 2622 Patriarcharum
1923 2579 2121 2641 pauca
2139 2560 2423 2627 dicamus
2446 2604 2468 2642 ,
2498 2582 2648 2648 quae

249 2640 650 2727 potissimum
677 2640 824 2709 sunt
850 2639 1182 2724 sequentia
1217 2663 1232 2704 ε
1280 2660 1514 2723 nempe
1543 2641 1956 2708 incumbebat
1994 2643 2137 2725 ipsis
2166 2646 2498 2729 praecipue
2524 2647 2644 2710 ob-

251 2726 474 2811 ligatio
513 2721 940 2792 conservandi
976 2723 1293 2790 unitatem
1328 2723 1486 2788 fidei
1519 2724 1580 2791 &
1617 2723 1967 2793 Dostrinae
2000 2766 2024 2805 ,
2072 2728 2138 2791 in
2172 2728 2362 2810 cujus
2400 2730 2647 2815 signum

254 2829 415 2875 mox
440 2804 588 2887 post
618 2805 754 2877 suas
788 2804 1252 2871 Ordinationes
1283 2807 1567 2874 invicem
1596 2808 1934 2874 mittebant
1962 2810 2205 2876 litteras
2237 2821 2646 2876 communicato·

252 2898 358 2957 rias
377 2931 402 2970 ,
442 2890 602 2953 item
630 2888 1014 2955 Patriarchae
1034 2891 1319 2955 invicem
1350 2891 1459 2957 sua
1483 2892 1743 2955 nomina
1780 2893 2129 2958 recitabant
2157 2894 2223 2958 in
2253 2894 2436 2958 sacris
2468 2895 2647 2982 Diph-

256 2970 588 3058 tychiscd)
623 2972 813 3036 etiam
842 2970 988 3053 post
1015 2988 1294 3038 mortem
1328 2975 1631 3056 alicujus,
1680 2975 1742 3042 &
1774 2975 2056 3055 tamdiu,
2098 2998 2308 3062 usque
2347 2977 2501 3042 dum
2526 2999 2646 3042 iio-

257 3078 381 3121 vus
415 3055 777 3120 Patriarcha
812 3055 1024 3122 literas
1054 3058 1292 3122 miserit
1324 3064 1805 3122 communicatorias
1831 3079 1966 3124 non
1997 3062 2479 3126 communionis
2508 3074 2645 3126 tan-

252 3152 391 3206 tum
410 3181 434 3219 ,
466 3135 573 3202 sed
602 3138 794 3202 etiam
822 3137 977 3204 fidei
1004 3140 1361 3207 Catholicae
1385 3138 1872 3210 testificatriceS.
1963 3143 2181 3210 Causae
2212 3144 2483 3227 majores
2500 3146 2645 3229 ipsis

255 3307 361 3371 (a)
396 3304 503 3355 Vid.
518 3301 723 3353 'rhomes
738 3303 815 3357 lib.
834 3320 984 3368 neap.
1009 3324 1025 3355 ι
1039 3327 1088 3365 o,
1110 3319 1155 3361 5.
1180 3327 1257 3368 ¹⁴·
2540 3251 2644 3297 ΥΕ-

256 3377 363 3443 (b)
400 3374 499 3422 Fuit
520 3374 642 3421 enim
662 3375 777 3422 can.
792 3391 812 3421 ι
826 3381 870 3431 3.
888 3375 933 3422 in
950 3374 1138 3434 ipsorum
1158 3377 1348 3425 absentia
1366 3373 1526 3426 faesus.

252 3452 313 3509 (ς
328 3455 351 3507 )
389 3440 652 3506 Diphtycbae
682 3441 788 3488 nihil
811 3456 936 3488 enni
958 3444 1106 3499 aliud,
1129 3459 1261 3508 quam
1294 3446 1531 3510 catalogi,
1569 3442 1724 3506 quibui
1756 3442 1913 3495 inserta
1945 3459 2076 3498 erant
2109 3448 2296 3501 nomina
2323 3449 2634 3503 celebriorum

263 3556 267 3563 ,
390 3511 603 3559 Virorum
619 3535 635 3558 ³
661 3511 704 3557 δι
723 3523 849 3557 eunt
869 3508 1054 3577 duplicis
1067 3515 1240 3578 generis
1264 3529 1428 3582 nempe
1451 3517 1651 3565 Βιθυνιαν
1671 3516 1715 3567 δι
1741 3526 2042 3567 nonaemtm·
2111 3522 2186 3570 De
2206 3520 2272 3571 bia
2293 3521 2387 3572 vid.
2412 3521 2637 3574 δανείου

327 3654 335 3661 ἢ
397 3577 449 3631 iu
465 3574 631 3629 Pinax.
656 3575 713 3627 ad
726 3578 834 3631 διιεῖ
851 3593 902 3643 5.
